
<record>
  <leader>01824cam a2200337 a 4500</leader>
  <controlfield tag="001">21349196</controlfield>
  <controlfield tag="005">20200102103418.0</controlfield>
  <controlfield tag="008">200102s1544    sz            000 0 lat  </controlfield>
  <datafield tag="906" ind1=" " ind2=" ">
    <subfield code="a">7</subfield>
    <subfield code="b">cbc</subfield>
    <subfield code="c">origres</subfield>
    <subfield code="d">2</subfield>
    <subfield code="e">ncip</subfield>
    <subfield code="f">20</subfield>
    <subfield code="g">y-genrareb</subfield>
  </datafield>
  <datafield tag="955" ind1=" " ind2=" ">
    <subfield code="a">he18 2020-01-02</subfield>
    <subfield code="i">he18 2020-01-02</subfield>
  </datafield>
  <datafield tag="010" ind1=" " ind2=" ">
    <subfield code="a">  2018658228</subfield>
  </datafield>
  <datafield tag="040" ind1=" " ind2=" ">
    <subfield code="a">DLC</subfield>
    <subfield code="b">eng</subfield>
    <subfield code="c">DLC</subfield>
    <subfield code="e">dcrmb</subfield>
  </datafield>
  <datafield tag="042" ind1=" " ind2=" ">
    <subfield code="a">pcc</subfield>
  </datafield>
  <datafield tag="050" ind1="0" ind2="0">
    <subfield code="a">PA8485.C915</subfield>
    <subfield code="b">P37 1544</subfield>
  </datafield>
  <datafield tag="100" ind1="1" ind2=" ">
    <subfield code="a">Curione, Celio Secondo,</subfield>
    <subfield code="d">1503-1569,</subfield>
    <subfield code="e">editor.</subfield>
  </datafield>
  <datafield tag="245" ind1="1" ind2="0">
    <subfield code="a">Pasquillorum tomi duo :</subfield>
    <subfield code="b">quorum primo uersibus ac rhythmis, altero soluta oratione conscripta quamplurima continentur, ad exhilarandum, confirmandu[m]q[ue] hoc perturbatissimo rerum statu pij lectoris animum, apprime conducentia : eorum catalogum proxima à praefatione pagella reperies.</subfield>
  </datafield>
  <datafield tag="260" ind1=" " ind2=" ">
    <subfield code="a">Eleutheropoli :</subfield>
    <subfield code="b">[Joannes Oporinus],</subfield>
    <subfield code="c">MDXLIIII [1544]</subfield>
  </datafield>
  <datafield tag="300" ind1=" " ind2=" ">
    <subfield code="a">[16], 199, 100-537, [3] p. ;</subfield>
    <subfield code="c">15 cm (8vo)</subfield>
  </datafield>
  <datafield tag="500" ind1=" " ind2=" ">
    <subfield code="a">Editor and printer from Grässe.</subfield>
  </datafield>
  <datafield tag="500" ind1=" " ind2=" ">
    <subfield code="a">Signatures: *⁸ a-z⁸ A-R⁸ (R8 blank)</subfield>
  </datafield>
  <datafield tag="510" ind1="4" ind2=" ">
    <subfield code="a">Grässe, J.G.T. Trésor de livres rares et précieux,</subfield>
    <subfield code="c">vol. 5, p. 152</subfield>
  </datafield>
  <datafield tag="510" ind1="4" ind2=" ">
    <subfield code="a">Brunet, J.-C. Manuel du libraire et de l&apos;amateur de livres (5e éd.),</subfield>
    <subfield code="c">vol. 4, col. 410</subfield>
  </datafield>
  <datafield tag="500" ind1=" " ind2=" ">
    <subfield code="a">LC copy imperfect: blank leaf R8 wanting. Scattered ms. notes throughout. Dealer&apos;s descriptions mounted to front free endpapers.</subfield>
    <subfield code="5">DLC</subfield>
  </datafield>
  <datafield tag="561" ind1=" " ind2=" ">
    <subfield code="a">LC copy: With armorial bookplate of R. Cory Jr.; p. 1 inscribed: Joh. Harrington. P. before t.p. inscribed: Geo. T. Strong 1846.</subfield>
    <subfield code="5">DLC</subfield>
  </datafield>
  <datafield tag="610" ind1="2" ind2="0">
    <subfield code="a">Catholic Church</subfield>
    <subfield code="v">Controversial literature</subfield>
    <subfield code="v">Early works to 1800.</subfield>
  </datafield>
  <datafield tag="650" ind1=" " ind2="0">
    <subfield code="a">Satire, Latin (Medieval and modern)</subfield>
  </datafield>
  <datafield tag="650" ind1=" " ind2="0">
    <subfield code="a">Pasquinades.</subfield>
  </datafield>
  <datafield tag="700" ind1="1" ind2=" ">
    <subfield code="a">Oporinus, Joannes,</subfield>
    <subfield code="d">1507-1568,</subfield>
    <subfield code="e">printer.</subfield>
  </datafield>
  <datafield tag="700" ind1="1" ind2=" ">
    <subfield code="a">Strong, George Templeton,</subfield>
    <subfield code="d">1820-1875,</subfield>
    <subfield code="e">former owner.</subfield>
    <subfield code="5">DLC</subfield>
  </datafield>
  <datafield tag="752" ind1=" " ind2=" ">
    <subfield code="a">Switzerland</subfield>
    <subfield code="d">Basel.</subfield>
  </datafield>
  <datafield tag="985" ind1=" " ind2=" ">
    <subfield code="a">BibframePilot2</subfield>
    <subfield code="e">20200102</subfield>
  </datafield>
</record>