
<record>
  <leader>01526cem a2200349 i 4500</leader>
  <controlfield tag="001">21349199</controlfield>
  <controlfield tag="005">20200102080321.0</controlfield>
  <controlfield tag="007">aj canzn</controlfield>
  <controlfield tag="008">190830s1965    ti        a  f  0   ara  </controlfield>
  <datafield tag="906" ind1=" " ind2=" ">
    <subfield code="a">7</subfield>
    <subfield code="b">cbc</subfield>
    <subfield code="c">orignew</subfield>
    <subfield code="d">u</subfield>
    <subfield code="e">ncip</subfield>
    <subfield code="f">20</subfield>
    <subfield code="g">y-geogmaps</subfield>
  </datafield>
  <datafield tag="925" ind1="0" ind2=" ">
    <subfield code="a">acquire</subfield>
    <subfield code="b">1 shelf copy</subfield>
    <subfield code="x">policy default</subfield>
  </datafield>
  <datafield tag="955" ind1=" " ind2=" ">
    <subfield code="i">ga15 2020-01-02 sent to CMT</subfield>
  </datafield>
  <datafield tag="010" ind1=" " ind2=" ">
    <subfield code="a">  2020585000</subfield>
  </datafield>
  <datafield tag="034" ind1="1" ind2=" ">
    <subfield code="a">a</subfield>
    <subfield code="b">100000</subfield>
  </datafield>
  <datafield tag="040" ind1=" " ind2=" ">
    <subfield code="a">DLC</subfield>
    <subfield code="b">eng</subfield>
    <subfield code="e">rda</subfield>
    <subfield code="c">DLC</subfield>
  </datafield>
  <datafield tag="050" ind1="0" ind2="0">
    <subfield code="a">G8253.N3 1965</subfield>
    <subfield code="b">.T8</subfield>
  </datafield>
  <datafield tag="052" ind1=" " ind2=" ">
    <subfield code="a">8253</subfield>
    <subfield code="b">N3</subfield>
  </datafield>
  <datafield tag="066" ind1=" " ind2=" ">
    <subfield code="c">(3</subfield>
    <subfield code="c">(4</subfield>
  </datafield>
  <datafield tag="110" ind1="1" ind2=" ">
    <subfield code="a">Tunisia.</subfield>
    <subfield code="b">Dīwan Qays al-Arāḍī wa-Rasm al-Kharāʾiṭ,</subfield>
    <subfield code="e">cartographer.</subfield>
  </datafield>
  <datafield tag="245" ind1="1" ind2="0">
    <subfield code="6">880-01</subfield>
    <subfield code="a">Ḥālah al-milak al-ʻqārī wa-al-masḥ bi-Wilāyat Nābul /</subfield>
    <subfield code="c">intāj qism rasm al-kharāʼiṭ bi-maṣlaḥat qays al-arāḍī.</subfield>
  </datafield>
  <datafield tag="880" ind1="1" ind2="0">
    <subfield code="6">245-01/(3/r‏</subfield>
    <subfield code="a">‏حالة الملك العقاري والمسح بولاية نابل /‏</subfield>
    <subfield code="c">‏إنتاج قسم رسم الخرائط بمصلحة قيس الاراضي.</subfield>
  </datafield>
  <datafield tag="255" ind1=" " ind2=" ">
    <subfield code="a">Scale 1:100,000.</subfield>
  </datafield>
  <datafield tag="264" ind1=" " ind2="1">
    <subfield code="6">880-02</subfield>
    <subfield code="a">Tūnis :</subfield>
    <subfield code="b">Qays al-Arāḍī wa-Rasm al-Kharāʼiṭ,</subfield>
    <subfield code="c">1965.</subfield>
  </datafield>
  <datafield tag="880" ind1=" " ind2="1">
    <subfield code="6">264-02/(3/r‏</subfield>
    <subfield code="a">‏تونس :‏</subfield>
    <subfield code="b">‏قيس الأراضي ورسم الخرائط،‏</subfield>
    <subfield code="c">‏1965.</subfield>
  </datafield>
  <datafield tag="300" ind1=" " ind2=" ">
    <subfield code="a">1 map :</subfield>
    <subfield code="b">color ;</subfield>
    <subfield code="c">99 x 72 cm</subfield>
  </datafield>
  <datafield tag="336" ind1=" " ind2=" ">
    <subfield code="a">cartographic image</subfield>
    <subfield code="b">cri</subfield>
    <subfield code="2">rdacontent</subfield>
  </datafield>
  <datafield tag="337" ind1=" " ind2=" ">
    <subfield code="a">unmediated</subfield>
    <subfield code="b">n</subfield>
    <subfield code="2">rdamedia</subfield>
  </datafield>
  <datafield tag="338" ind1=" " ind2=" ">
    <subfield code="a">sheet</subfield>
    <subfield code="b">nc</subfield>
    <subfield code="2">rdacarrier</subfield>
  </datafield>
  <datafield tag="500" ind1=" " ind2=" ">
    <subfield code="a">LC copy mounted on cloth.</subfield>
    <subfield code="5">DLC</subfield>
  </datafield>
  <datafield tag="651" ind1=" " ind2="0">
    <subfield code="a">Nabeul (Tunisia : Province)</subfield>
    <subfield code="v">Maps.</subfield>
  </datafield>
  <datafield tag="650" ind1=" " ind2="0">
    <subfield code="a">Land use</subfield>
    <subfield code="z">Tunisia</subfield>
    <subfield code="z">Nabeul (Province)</subfield>
    <subfield code="v">Maps.</subfield>
  </datafield>
  <datafield tag="655" ind1=" " ind2="7">
    <subfield code="a">Maps.</subfield>
    <subfield code="2">lcgft</subfield>
  </datafield>
</record>