
<record>
  <leader>02235nam a22002775i 4500</leader>
  <controlfield tag="001">21349228</controlfield>
  <controlfield tag="005">20200102082832.0</controlfield>
  <controlfield tag="008">200102s2020    nyu           000 0 eng  </controlfield>
  <datafield tag="906" ind1=" " ind2=" ">
    <subfield code="a">0</subfield>
    <subfield code="b">ibc</subfield>
    <subfield code="c">orignew</subfield>
    <subfield code="d">2</subfield>
    <subfield code="e">epcn</subfield>
    <subfield code="f">20</subfield>
    <subfield code="g">y-gencatlg</subfield>
  </datafield>
  <datafield tag="925" ind1="0" ind2=" ">
    <subfield code="a">acquire</subfield>
    <subfield code="b">1 shelf copy</subfield>
    <subfield code="x">policy default</subfield>
  </datafield>
  <datafield tag="955" ind1=" " ind2=" ">
    <subfield code="b">xd04 2020-01-02</subfield>
  </datafield>
  <datafield tag="010" ind1=" " ind2=" ">
    <subfield code="a">  2020930011</subfield>
  </datafield>
  <datafield tag="020" ind1=" " ind2=" ">
    <subfield code="a">9780198812517</subfield>
    <subfield code="q">(hardback)</subfield>
  </datafield>
  <datafield tag="020" ind1=" " ind2=" ">
    <subfield code="z">9780192540614</subfield>
    <subfield code="q">(epub)</subfield>
  </datafield>
  <datafield tag="040" ind1=" " ind2=" ">
    <subfield code="a">DLC</subfield>
    <subfield code="b">eng</subfield>
    <subfield code="e">rda</subfield>
    <subfield code="c">DLC</subfield>
  </datafield>
  <datafield tag="042" ind1=" " ind2=" ">
    <subfield code="a">pcc</subfield>
  </datafield>
  <datafield tag="100" ind1="1" ind2=" ">
    <subfield code="a">Meer, Sarah,</subfield>
    <subfield code="e">author.</subfield>
  </datafield>
  <datafield tag="245" ind1="1" ind2="0">
    <subfield code="a">American Claiments :</subfield>
    <subfield code="b">transatlantic notions, 1820-1920 /</subfield>
    <subfield code="c">Sarah Meer.</subfield>
  </datafield>
  <datafield tag="250" ind1=" " ind2=" ">
    <subfield code="a">Na.</subfield>
  </datafield>
  <datafield tag="263" ind1=" " ind2=" ">
    <subfield code="a">2005</subfield>
  </datafield>
  <datafield tag="264" ind1=" " ind2="1">
    <subfield code="a">New York :</subfield>
    <subfield code="b">Oxford University Press,</subfield>
    <subfield code="c">2020.</subfield>
  </datafield>
  <datafield tag="300" ind1=" " ind2=" ">
    <subfield code="a">pages cm</subfield>
  </datafield>
  <datafield tag="336" ind1=" " ind2=" ">
    <subfield code="a">text</subfield>
    <subfield code="b">txt</subfield>
    <subfield code="2">rdacontent</subfield>
  </datafield>
  <datafield tag="337" ind1=" " ind2=" ">
    <subfield code="a">unmediated</subfield>
    <subfield code="b">n</subfield>
    <subfield code="2">rdamedia</subfield>
  </datafield>
  <datafield tag="338" ind1=" " ind2=" ">
    <subfield code="a">volume</subfield>
    <subfield code="b">nc</subfield>
    <subfield code="2">rdacarrier</subfield>
  </datafield>
  <datafield tag="520" ind1=" " ind2=" ">
    <subfield code="a">&quot;This book recovers a major nineteenth-century literary figure, the American Claimant. The claimant was used to imagine cultural contact and exchange across the Anglophone Atlantic, especially between Britain and the United States. Later, claimants were exported to South Africa, in fictions representing black students who acquired American degrees. The book argues that the claimant was a major and pervasive trope or theme, with literary, rhetorical, and political uses. It was invoked to imagine cultural difference, in relation to identity, inheritance, relationship, or time. It could dramatize tensions between tradition and change, or questions of exclusion and power: it was wielded against slavery and segregation, or privileges of gender and class. American Claimants explores the figure&apos;s implications for writers and editors, and also for missionaries, artists, and students, in works created and set in Britain, in the United States, in South Africa, and in Rome. The book touches on theatre history and periodical studies, literary marketing and reprinting, and activism, education, sculpture, fashion and dress reform. Texts discussed range from Our American Cousin to Bleak House, Little Lord Fauntleroy to Frederick Douglass&apos; Paper; writers include Frances Trollope, Julia Griffiths, Alexander Crummell, John Dube, James McCune Smith, Nathaniel Hawthorne, and Mark Twain&quot;--</subfield>
    <subfield code="c">Provided by publisher.</subfield>
  </datafield>
</record>