
<record>
  <leader>02292nam a22003015i 4500</leader>
  <controlfield tag="001">21349243</controlfield>
  <controlfield tag="005">20200102083602.0</controlfield>
  <controlfield tag="008">200102s2020    nyu           000 0 eng  </controlfield>
  <datafield tag="906" ind1=" " ind2=" ">
    <subfield code="a">0</subfield>
    <subfield code="b">ibc</subfield>
    <subfield code="c">orignew</subfield>
    <subfield code="d">2</subfield>
    <subfield code="e">epcn</subfield>
    <subfield code="f">20</subfield>
    <subfield code="g">y-gencatlg</subfield>
  </datafield>
  <datafield tag="925" ind1="0" ind2=" ">
    <subfield code="a">acquire</subfield>
    <subfield code="b">1 shelf copy</subfield>
    <subfield code="x">policy default</subfield>
  </datafield>
  <datafield tag="955" ind1=" " ind2=" ">
    <subfield code="b">xd04 2020-01-02</subfield>
  </datafield>
  <datafield tag="010" ind1=" " ind2=" ">
    <subfield code="a">  2020930013</subfield>
  </datafield>
  <datafield tag="020" ind1=" " ind2=" ">
    <subfield code="a">9780198858225</subfield>
    <subfield code="q">(hardback)</subfield>
  </datafield>
  <datafield tag="020" ind1=" " ind2=" ">
    <subfield code="z">9780191899027</subfield>
    <subfield code="q">(epub)</subfield>
  </datafield>
  <datafield tag="040" ind1=" " ind2=" ">
    <subfield code="a">DLC</subfield>
    <subfield code="b">eng</subfield>
    <subfield code="e">rda</subfield>
    <subfield code="c">DLC</subfield>
  </datafield>
  <datafield tag="042" ind1=" " ind2=" ">
    <subfield code="a">pcc</subfield>
  </datafield>
  <datafield tag="100" ind1="1" ind2=" ">
    <subfield code="a">Bowman, Alan,</subfield>
    <subfield code="e">author.</subfield>
  </datafield>
  <datafield tag="245" ind1="1" ind2="4">
    <subfield code="a">The Epigraphy of Ptolemaic Egypt :</subfield>
    <subfield code="b">na /</subfield>
    <subfield code="c">Alan Bowman, Charles Crowther.</subfield>
  </datafield>
  <datafield tag="250" ind1=" " ind2=" ">
    <subfield code="a">Na.</subfield>
  </datafield>
  <datafield tag="263" ind1=" " ind2=" ">
    <subfield code="a">2006</subfield>
  </datafield>
  <datafield tag="264" ind1=" " ind2="1">
    <subfield code="a">New York :</subfield>
    <subfield code="b">Oxford University Press,</subfield>
    <subfield code="c">2020.</subfield>
  </datafield>
  <datafield tag="300" ind1=" " ind2=" ">
    <subfield code="a">pages cm</subfield>
  </datafield>
  <datafield tag="336" ind1=" " ind2=" ">
    <subfield code="a">text</subfield>
    <subfield code="b">txt</subfield>
    <subfield code="2">rdacontent</subfield>
  </datafield>
  <datafield tag="337" ind1=" " ind2=" ">
    <subfield code="a">unmediated</subfield>
    <subfield code="b">n</subfield>
    <subfield code="2">rdamedia</subfield>
  </datafield>
  <datafield tag="338" ind1=" " ind2=" ">
    <subfield code="a">volume</subfield>
    <subfield code="b">nc</subfield>
    <subfield code="2">rdacarrier</subfield>
  </datafield>
  <datafield tag="490" ind1="0" ind2=" ">
    <subfield code="a">Osad:c</subfield>
  </datafield>
  <datafield tag="520" ind1=" " ind2=" ">
    <subfield code="a">&quot;The book contains 12 chapters, by various authors, discussing aspects of the Greek and Egyptian bilingual and trilingual inscriptions from Egypt during the Ptolemaic period, from the conquest by Alexander the Great (332 BC) to the death of Kleopatra VII (30 BC). It is intended as a complement to the publication of the full texts, with up-to-date commentaries and images, of about 650 inscriptions on stone. These include major decrees of priestly colleges, such as the Rosetta Stone, and a great variety of religious and secular monuments from the whole of Egypt, from Alexandria to Philae. The subjects covered include: the latest technologies for digital imaging of stone inscriptions, the character of Egyptian monuments with Greek text, the survival and collection of bilingual monuments in the 19th century through excavation and the antiquities trade, religious dedications from ?Alexandria and elsewhere, the civic government of Greek foundations and public associations, the role of the military in public epigraphy, verse epigrams, onomastics and palaeography. Overall, the collection offers a comprehensive review of the social, religious and cultural context of the great inscribed monuments of the Ptolemaic dynasty which are akey sources for understanding co-existence of two different cultures and the impact of Ptolemaic rule and Greek immigration in Egypt&quot;--</subfield>
    <subfield code="c">Provided by publisher.</subfield>
  </datafield>
  <datafield tag="700" ind1="1" ind2=" ">
    <subfield code="a">Crowther, Charles,</subfield>
    <subfield code="e">author.</subfield>
  </datafield>
</record>