
<record>
  <leader>01651cam a22003015i 4500</leader>
  <controlfield tag="001">21349244</controlfield>
  <controlfield tag="005">20200102083634.0</controlfield>
  <controlfield tag="008">200102m20169999tu a          000 0 tur  </controlfield>
  <datafield tag="906" ind1=" " ind2=" ">
    <subfield code="a">0</subfield>
    <subfield code="b">ibc</subfield>
    <subfield code="c">origode</subfield>
    <subfield code="d">2</subfield>
    <subfield code="e">ncip</subfield>
    <subfield code="f">20</subfield>
    <subfield code="g">y-gencatlg</subfield>
  </datafield>
  <datafield tag="925" ind1="0" ind2=" ">
    <subfield code="a">acquire</subfield>
    <subfield code="b">1 shelf copy</subfield>
    <subfield code="x">policy default</subfield>
  </datafield>
  <datafield tag="955" ind1=" " ind2=" ">
    <subfield code="b">we56 2020-01-02 v. 2-4  to ASME/ME</subfield>
  </datafield>
  <datafield tag="010" ind1=" " ind2=" ">
    <subfield code="a">  2018388058</subfield>
  </datafield>
  <datafield tag="020" ind1=" " ind2=" ">
    <subfield code="a">9786058361218 (v. 2)</subfield>
  </datafield>
  <datafield tag="020" ind1=" " ind2=" ">
    <subfield code="a">9786058361225 (v. 3)</subfield>
  </datafield>
  <datafield tag="020" ind1=" " ind2=" ">
    <subfield code="a">9786058361249 (v. 4)</subfield>
  </datafield>
  <datafield tag="040" ind1=" " ind2=" ">
    <subfield code="a">DLC</subfield>
    <subfield code="b">eng</subfield>
    <subfield code="e">rda</subfield>
    <subfield code="c">DLC</subfield>
  </datafield>
  <datafield tag="042" ind1=" " ind2=" ">
    <subfield code="a">pcc</subfield>
    <subfield code="a">lcode</subfield>
  </datafield>
  <datafield tag="100" ind1="1" ind2=" ">
    <subfield code="a">Göksan, Ahmet,</subfield>
    <subfield code="d">1945-</subfield>
  </datafield>
  <datafield tag="245" ind1="1" ind2="0">
    <subfield code="a">Bir demet yaşam :</subfield>
    <subfield code="b">tanık olduklarım yaşadıklarım ve araştırdıklarım /</subfield>
    <subfield code="c">Ahmet Göksan.</subfield>
  </datafield>
  <datafield tag="264" ind1=" " ind2="3">
    <subfield code="a">Ankara :</subfield>
    <subfield code="b">Motif matbaacılık ltd. şti.</subfield>
    <subfield code="c">2016-&lt;2018&gt;</subfield>
  </datafield>
  <datafield tag="300" ind1=" " ind2=" ">
    <subfield code="a">volumes :</subfield>
    <subfield code="b">illustrations ;</subfield>
    <subfield code="c">20 cm</subfield>
  </datafield>
  <datafield tag="336" ind1=" " ind2=" ">
    <subfield code="a">text</subfield>
    <subfield code="b">txt</subfield>
    <subfield code="2">rdacontent</subfield>
  </datafield>
  <datafield tag="337" ind1=" " ind2=" ">
    <subfield code="a">unmediated</subfield>
    <subfield code="b">n</subfield>
    <subfield code="2">rdamedia</subfield>
  </datafield>
  <datafield tag="338" ind1=" " ind2=" ">
    <subfield code="a">volume</subfield>
    <subfield code="b">nc</subfield>
    <subfield code="2">rdacarrier</subfield>
  </datafield>
  <datafield tag="500" ind1=" " ind2=" ">
    <subfield code="a">&quot;Kıbrıs Türkünün onur mücadelesinden&quot;</subfield>
  </datafield>
  <datafield tag="505" ind1="1" ind2=" ">
    <subfield code="a">2. Kilisenin baskıları, Helenizm çalışmaları ve Akritas planı -- 3. AKEL&apos;in ada Yunanistan&apos;a bağlama çalışmaları, Kıbrıs Cumhuriyet&apos;nin mayınlı - tuzaklı yolları, Kıbrıs Türk federe devleti&apos;nin kuruluşu -- 4. Kıbrıs Cumhuriyet&apos;ni Rum Cumhuriyet&apos;ne dönüştürme çabaları, Bağlantısızlar hareketi, 186 saylı güvenlik konseyi kararı, Mr. A. Ortega raporu, Kıbrıs ordusu&apos;nun kuruluş maveraları ve üçlü karargah komutanlığı, Kuzey Kıbrıs Türk Cumhuriyet&apos;nin kuruluşu --</subfield>
  </datafield>
  <datafield tag="520" ind1=" " ind2=" ">
    <subfield code="a">Cyprus Crisis, Ethnic relations, Politics and government, Autonomy and independence movements, History, Cyprus</subfield>
  </datafield>
  <datafield tag="985" ind1=" " ind2=" ">
    <subfield code="e">ODE-ca</subfield>
  </datafield>
</record>