
<record>
  <leader>02474nam a22002895i 4500</leader>
  <controlfield tag="001">21349249</controlfield>
  <controlfield tag="005">20200102083913.0</controlfield>
  <controlfield tag="008">200102s2020    nyu           000 0 eng  </controlfield>
  <datafield tag="906" ind1=" " ind2=" ">
    <subfield code="a">0</subfield>
    <subfield code="b">ibc</subfield>
    <subfield code="c">orignew</subfield>
    <subfield code="d">2</subfield>
    <subfield code="e">epcn</subfield>
    <subfield code="f">20</subfield>
    <subfield code="g">y-gencatlg</subfield>
  </datafield>
  <datafield tag="925" ind1="0" ind2=" ">
    <subfield code="a">acquire</subfield>
    <subfield code="b">1 shelf copy</subfield>
    <subfield code="x">policy default</subfield>
  </datafield>
  <datafield tag="955" ind1=" " ind2=" ">
    <subfield code="b">xd04 2020-01-02</subfield>
  </datafield>
  <datafield tag="010" ind1=" " ind2=" ">
    <subfield code="a">  2020930015</subfield>
  </datafield>
  <datafield tag="020" ind1=" " ind2=" ">
    <subfield code="a">9780198864165</subfield>
    <subfield code="q">(hardback)</subfield>
  </datafield>
  <datafield tag="020" ind1=" " ind2=" ">
    <subfield code="z">9780192609694</subfield>
    <subfield code="q">(epub)</subfield>
  </datafield>
  <datafield tag="040" ind1=" " ind2=" ">
    <subfield code="a">DLC</subfield>
    <subfield code="b">eng</subfield>
    <subfield code="e">rda</subfield>
    <subfield code="c">DLC</subfield>
  </datafield>
  <datafield tag="042" ind1=" " ind2=" ">
    <subfield code="a">pcc</subfield>
  </datafield>
  <datafield tag="100" ind1="1" ind2=" ">
    <subfield code="a">Smith, Gary,</subfield>
    <subfield code="e">author.</subfield>
  </datafield>
  <datafield tag="245" ind1="1" ind2="4">
    <subfield code="a">The phantom pattern problem :</subfield>
    <subfield code="b">the mirage of big data /</subfield>
    <subfield code="c">Gary Smith, Jay Cordes.</subfield>
  </datafield>
  <datafield tag="250" ind1=" " ind2=" ">
    <subfield code="a">New product.</subfield>
  </datafield>
  <datafield tag="263" ind1=" " ind2=" ">
    <subfield code="a">2009</subfield>
  </datafield>
  <datafield tag="264" ind1=" " ind2="1">
    <subfield code="a">New York :</subfield>
    <subfield code="b">Oxford University Press,</subfield>
    <subfield code="c">2020.</subfield>
  </datafield>
  <datafield tag="300" ind1=" " ind2=" ">
    <subfield code="a">pages cm</subfield>
  </datafield>
  <datafield tag="336" ind1=" " ind2=" ">
    <subfield code="a">text</subfield>
    <subfield code="b">txt</subfield>
    <subfield code="2">rdacontent</subfield>
  </datafield>
  <datafield tag="337" ind1=" " ind2=" ">
    <subfield code="a">unmediated</subfield>
    <subfield code="b">n</subfield>
    <subfield code="2">rdamedia</subfield>
  </datafield>
  <datafield tag="338" ind1=" " ind2=" ">
    <subfield code="a">volume</subfield>
    <subfield code="b">nc</subfield>
    <subfield code="2">rdacarrier</subfield>
  </datafield>
  <datafield tag="520" ind1=" " ind2=" ">
    <subfield code="a">&quot;Pattern-recognition prowess served our ancestors well. However, today we are confronted by a deluge of data that are far more abstract, complicated, and difficult to interpret. The number of possible patterns that can be identified relative to the number that are genuinely useful has grown exponentially - which means that the chances that a discovered pattern is useful is rapidly approaching zero. We can easily be fooled by phantom patterns. We remember when a pattern persists and confirms our belief in it. We forget or explain away times when it doesn&apos;t. Streaks, clusters, and correlations are the norm, not the exception. Our challenge is to overcome our inherited inclination to think that all patterns are meaningful; for example, thinking that differences among small data sets must be something real that needs to be explained. The paradox of Big Data is that the more data we ransack for patterns, the more likely it is that what we find will be worthless. Computers can easily identify an essentially unlimited number of phantom patterns and relationships that vanish when confronted with fresh data. Back testing models in the stock market is particularly pernicious because it is so easy to find coincidental patterns that turn out to be expensive mistakes. Patterns in observational data can be misleading because of self-selection bias, in that observed differences among people making different choices may be due to the type of people making such choices. Randomized controlled trials and A/B tests, when practical, can avoid all of these problems&quot;--</subfield>
    <subfield code="c">Provided by publisher.</subfield>
  </datafield>
  <datafield tag="700" ind1="1" ind2=" ">
    <subfield code="a">Cordes, Jay,</subfield>
    <subfield code="e">author.</subfield>
  </datafield>
</record>