
<record>
  <leader>02314cjm a2200481 a 4500</leader>
  <controlfield tag="001">21349270</controlfield>
  <controlfield tag="005">20200102091258.0</controlfield>
  <controlfield tag="007">sd bumennmplue</controlfield>
  <controlfield tag="008">200102s1984    nyujzn|  fi       | zxx d</controlfield>
  <datafield tag="906" ind1=" " ind2=" ">
    <subfield code="a">7</subfield>
    <subfield code="b">cbc</subfield>
    <subfield code="c">copycat</subfield>
    <subfield code="d">2</subfield>
    <subfield code="e">ncip</subfield>
    <subfield code="f">20</subfield>
    <subfield code="g">y-soundrec</subfield>
  </datafield>
  <datafield tag="925" ind1="0" ind2=" ">
    <subfield code="a">acquire</subfield>
    <subfield code="b">2 shelf copies</subfield>
    <subfield code="x">policy default</subfield>
  </datafield>
  <datafield tag="955" ind1=" " ind2=" ">
    <subfield code="a">qr12 2020-01-02 z-client</subfield>
    <subfield code="i">qr12 2020-01-02</subfield>
  </datafield>
  <datafield tag="010" ind1=" " ind2=" ">
    <subfield code="a">  2020615801</subfield>
  </datafield>
  <datafield tag="028" ind1="0" ind2="2">
    <subfield code="a">SJL 1139</subfield>
    <subfield code="b">Savoy Jazz</subfield>
  </datafield>
  <datafield tag="028" ind1="0" ind2="0">
    <subfield code="a">20005</subfield>
    <subfield code="b">World Wide</subfield>
  </datafield>
  <datafield tag="033" ind1="0" ind2="0">
    <subfield code="a">19580522</subfield>
  </datafield>
  <datafield tag="033" ind1="0" ind2="0">
    <subfield code="a">19581215</subfield>
  </datafield>
  <datafield tag="035" ind1=" " ind2=" ">
    <subfield code="a">(OCoLC)ocm57510929</subfield>
  </datafield>
  <datafield tag="040" ind1=" " ind2=" ">
    <subfield code="a">NYP</subfield>
    <subfield code="b">eng</subfield>
    <subfield code="c">NYP</subfield>
    <subfield code="d">EDX</subfield>
    <subfield code="d">OCLCF</subfield>
    <subfield code="d">OCL</subfield>
    <subfield code="d">OCLCQ</subfield>
    <subfield code="d">DLC</subfield>
  </datafield>
  <datafield tag="041" ind1="0" ind2=" ">
    <subfield code="g">eng</subfield>
  </datafield>
  <datafield tag="042" ind1=" " ind2=" ">
    <subfield code="a">lccopycat</subfield>
  </datafield>
  <datafield tag="048" ind1=" " ind2=" ">
    <subfield code="a">bb01</subfield>
    <subfield code="a">bd01</subfield>
    <subfield code="a">wc01</subfield>
    <subfield code="a">ka01</subfield>
    <subfield code="a">sd01</subfield>
    <subfield code="a">pn01</subfield>
  </datafield>
  <datafield tag="048" ind1=" " ind2=" ">
    <subfield code="a">bb01</subfield>
    <subfield code="a">bd01</subfield>
    <subfield code="a">wi01</subfield>
    <subfield code="a">kb01</subfield>
    <subfield code="a">tb01</subfield>
    <subfield code="a">sd01</subfield>
    <subfield code="a">pn01</subfield>
  </datafield>
  <datafield tag="050" ind1="0" ind2="0">
    <subfield code="a">Savoy SJL 1139</subfield>
  </datafield>
  <datafield tag="110" ind1="2" ind2=" ">
    <subfield code="a">7th Ave. Stompers (Musical group)</subfield>
    <subfield code="4">prf</subfield>
  </datafield>
  <datafield tag="245" ind1="1" ind2="0">
    <subfield code="a">Fidgety feet /</subfield>
    <subfield code="c">7th Ave. Stompers.</subfield>
  </datafield>
  <datafield tag="260" ind1=" " ind2=" ">
    <subfield code="a">New York, NY :</subfield>
    <subfield code="b">Savoy Jazz,</subfield>
    <subfield code="c">℗1984.</subfield>
  </datafield>
  <datafield tag="300" ind1=" " ind2=" ">
    <subfield code="a">1 audio disc :</subfield>
    <subfield code="b">analog, 33 1/3 rpm ;</subfield>
    <subfield code="c">12 in.</subfield>
  </datafield>
  <datafield tag="336" ind1=" " ind2=" ">
    <subfield code="a">performed music</subfield>
    <subfield code="b">prm</subfield>
    <subfield code="2">rdacontent</subfield>
  </datafield>
  <datafield tag="337" ind1=" " ind2=" ">
    <subfield code="a">audio</subfield>
    <subfield code="b">s</subfield>
    <subfield code="2">rdamedia</subfield>
  </datafield>
  <datafield tag="338" ind1=" " ind2=" ">
    <subfield code="a">audio disc</subfield>
    <subfield code="b">sd</subfield>
    <subfield code="2">rdacarrier</subfield>
  </datafield>
  <datafield tag="500" ind1=" " ind2=" ">
    <subfield code="a">Jazz.</subfield>
  </datafield>
  <datafield tag="500" ind1=" " ind2=" ">
    <subfield code="a">Title from container.</subfield>
  </datafield>
  <datafield tag="511" ind1="0" ind2=" ">
    <subfield code="a">7th Ave. Stompers (Emmet Berry (1st-8th works), Joe Wilder (9th-10th works), trumpet ; Vic Dickenson, trombone ; Buster Bailey, clarinet (1st-8th works) ; Red Richards, piano (1st-8th works) ; Al Lucas, bass ; Bobby Donaldson, drums ; Seldon Powell, saxophone (9th-10th works) ; Ernie Hayes, organ (9th-10th works) ; Bucky Pizzarelli, guitar (9th-10th works)).</subfield>
  </datafield>
  <datafield tag="518" ind1=" " ind2=" ">
    <subfield code="a">Recorded at Van Gelder Recording Studio, Hackensack, N.J. May 22, 1958 and at Beltone Studio, NYC, Dec. 15, 1958.</subfield>
  </datafield>
  <datafield tag="500" ind1=" " ind2=" ">
    <subfield code="a">Previously released as: World Wide 20005.</subfield>
  </datafield>
  <datafield tag="500" ind1=" " ind2=" ">
    <subfield code="a">Program and biographical notes by Russ Chase on container.</subfield>
  </datafield>
  <datafield tag="505" ind1="0" ind2=" ">
    <subfield code="a">Fidgety feet (4:14) -- Basin Street blues (4:05) -- Muskrat ramble (2:33) -- How come you do me like you do? (3:39) -- Struttin&apos; with some barbecue (3:20) -- St. Louis blues (1:54) -- Yellow dog blues (3:56) -- Sunday (3:54) -- Ferry boat romp (3:20) -- Blues like they used to be (2:40).</subfield>
  </datafield>
  <datafield tag="650" ind1=" " ind2="0">
    <subfield code="a">Jazz</subfield>
    <subfield code="y">1951-1960.</subfield>
  </datafield>
  <datafield tag="650" ind1=" " ind2="0">
    <subfield code="a">Dixieland music.</subfield>
  </datafield>
  <datafield tag="650" ind1=" " ind2="7">
    <subfield code="a">Dixieland music.</subfield>
    <subfield code="2">fast</subfield>
    <subfield code="0">(OCoLC)fst00895961</subfield>
  </datafield>
  <datafield tag="650" ind1=" " ind2="7">
    <subfield code="a">Jazz.</subfield>
    <subfield code="2">fast</subfield>
    <subfield code="0">(OCoLC)fst00982165</subfield>
  </datafield>
  <datafield tag="648" ind1=" " ind2="7">
    <subfield code="a">1951-1960</subfield>
    <subfield code="2">fast</subfield>
  </datafield>
</record>