
<record>
  <leader>02687cam a22004335i 4500</leader>
  <controlfield tag="001">21349289</controlfield>
  <controlfield tag="005">20200102092237.0</controlfield>
  <controlfield tag="007">cr unu---munuu</controlfield>
  <controlfield tag="008">200102s2019    xnaah  go     000 0deng  </controlfield>
  <datafield tag="906" ind1=" " ind2=" ">
    <subfield code="a">0</subfield>
    <subfield code="b">ibc</subfield>
    <subfield code="c">origres</subfield>
    <subfield code="d">3</subfield>
    <subfield code="e">ncip</subfield>
    <subfield code="f">20</subfield>
    <subfield code="g">y-gencatlg</subfield>
  </datafield>
  <datafield tag="925" ind1="0" ind2=" ">
    <subfield code="a">acquire</subfield>
    <subfield code="b">1 shelf copy</subfield>
    <subfield code="x">policy default</subfield>
  </datafield>
  <datafield tag="955" ind1=" " ind2=" ">
    <subfield code="b">hc15 2020-01-02 z-processor</subfield>
  </datafield>
  <datafield tag="010" ind1=" " ind2=" ">
    <subfield code="a">  2019396196</subfield>
  </datafield>
  <datafield tag="020" ind1=" " ind2=" ">
    <subfield code="a">9781098802776</subfield>
    <subfield code="q">soft cover</subfield>
  </datafield>
  <datafield tag="020" ind1=" " ind2=" ">
    <subfield code="a">1098802772</subfield>
  </datafield>
  <datafield tag="040" ind1=" " ind2=" ">
    <subfield code="a">DLC</subfield>
    <subfield code="c">DLC</subfield>
  </datafield>
  <datafield tag="042" ind1=" " ind2=" ">
    <subfield code="a">pcc</subfield>
  </datafield>
  <datafield tag="043" ind1=" " ind2=" ">
    <subfield code="a">u-at---</subfield>
  </datafield>
  <datafield tag="100" ind1="1" ind2=" ">
    <subfield code="a">Sandberg, Albert L.,</subfield>
    <subfield code="d">1957-,</subfield>
    <subfield code="e">author.</subfield>
  </datafield>
  <datafield tag="245" ind1="1" ind2="0">
    <subfield code="a">Environmental art of Gerry Joe Weise /</subfield>
    <subfield code="c">by Albert L. Sandberg, Chloe Mae Anders, and Ludovic Gibsson.</subfield>
  </datafield>
  <datafield tag="264" ind1=" " ind2="1">
    <subfield code="a">Sydney, N.S.W. :</subfield>
    <subfield code="b">Earthworks Australia,</subfield>
    <subfield code="c">2019.</subfield>
  </datafield>
  <datafield tag="300" ind1=" " ind2=" ">
    <subfield code="a">370 pages :</subfield>
    <subfield code="b">illustrations ;</subfield>
    <subfield code="c">28 cm</subfield>
  </datafield>
  <datafield tag="336" ind1=" " ind2=" ">
    <subfield code="a">text</subfield>
    <subfield code="b">txt</subfield>
    <subfield code="2">rdacontent</subfield>
  </datafield>
  <datafield tag="337" ind1=" " ind2=" ">
    <subfield code="a">unmediated</subfield>
    <subfield code="b">n</subfield>
    <subfield code="2">rdamedia</subfield>
  </datafield>
  <datafield tag="338" ind1=" " ind2=" ">
    <subfield code="a">volume</subfield>
    <subfield code="b">nc</subfield>
    <subfield code="2">rdacarrier</subfield>
  </datafield>
  <datafield tag="500" ind1=" " ind2=" ">
    <subfield code="a">Title from title screen.</subfield>
  </datafield>
  <datafield tag="504" ind1=" " ind2=" ">
    <subfield code="a">Selected bibliography (page 268-269)</subfield>
  </datafield>
  <datafield tag="520" ind1=" " ind2=" ">
    <subfield code="a">&quot;Environmental Art branched out from Land Art during the late 1960s. Both are parallel movements that question the power and authority of museums, art institutions and galleries. Historically in the past, museums and galleries have always controlled the production, exhibitions, and sale of artworks. By creating Environmental Art at outdoor locations, in sympathy with nature while blending in with surrounding landscapes, can only lead to unique and surprising results. The artist removes the power from art dealers and the general art market.The emphasis is (always) on the process of creation, and the artist&apos;s concept. The artworks are often ephemeral (but not always), and an immediate audience is not necessary, as most artists prefer to work alone with and in nature. A one-on-one harmony and artistic experience. What survives is documentation, mainly photography of the site. Maps, videos and other media can be added too, as the Environmental artist becomes an archivist for the created outdoor installation.&quot; --Introduction (Page 4).</subfield>
  </datafield>
  <datafield tag="600" ind1="1" ind2="0">
    <subfield code="a">Gerry Joe, Weise,</subfield>
    <subfield code="d">1959-</subfield>
  </datafield>
  <datafield tag="650" ind1=" " ind2="0">
    <subfield code="a">Earthworks (Art)</subfield>
    <subfield code="z">Australia</subfield>
    <subfield code="y">20th century.</subfield>
  </datafield>
  <datafield tag="650" ind1=" " ind2="0">
    <subfield code="a">Installations (Art)</subfield>
    <subfield code="z">Australia</subfield>
    <subfield code="y">20th century.</subfield>
  </datafield>
  <datafield tag="650" ind1=" " ind2="0">
    <subfield code="a">Earthworks (Art)</subfield>
    <subfield code="z">Australia</subfield>
    <subfield code="y">21st century.</subfield>
  </datafield>
  <datafield tag="650" ind1=" " ind2="0">
    <subfield code="a">Installations (Art)</subfield>
    <subfield code="z">Australia</subfield>
    <subfield code="y">21st century.</subfield>
  </datafield>
  <datafield tag="655" ind1=" " ind2="0">
    <subfield code="a">Electronic books</subfield>
  </datafield>
  <datafield tag="700" ind1="1" ind2=" ">
    <subfield code="a">Chloe Mae, Anders,</subfield>
    <subfield code="d">1992-,</subfield>
    <subfield code="e">author.</subfield>
  </datafield>
  <datafield tag="700" ind1="1" ind2=" ">
    <subfield code="a">Ludovic, Gibsson,</subfield>
    <subfield code="d">1963-,</subfield>
    <subfield code="e">author.</subfield>
  </datafield>
  <datafield tag="700" ind1="1" ind2=" ">
    <subfield code="a">Gerry Joe, Weise,</subfield>
    <subfield code="d">1959-,</subfield>
    <subfield code="e">author,</subfield>
    <subfield code="e">photographer,</subfield>
    <subfield code="e">illustrator.</subfield>
  </datafield>
  <datafield tag="856" ind1="4" ind2="0">
    <subfield code="z">National edeposit</subfield>
    <subfield code="u">https://nla.gov.au/nla.obj-2057731616</subfield>
    <subfield code="x">fulltext</subfield>
  </datafield>
  <datafield tag="856" ind1="4" ind2="2">
    <subfield code="3">Thumbnail</subfield>
    <subfield code="u">https://nla.gov.au/nla.obj-2057731616-t</subfield>
  </datafield>
</record>