
<record>
  <leader>01596cam a22003258i 4500</leader>
  <controlfield tag="001">21349300</controlfield>
  <controlfield tag="005">20200102165618.0</controlfield>
  <controlfield tag="008">200102s2020    nyu           000 0 eng  </controlfield>
  <datafield tag="906" ind1=" " ind2=" ">
    <subfield code="a">7</subfield>
    <subfield code="b">cbc</subfield>
    <subfield code="c">orignew</subfield>
    <subfield code="d">1</subfield>
    <subfield code="e">ecip</subfield>
    <subfield code="f">20</subfield>
    <subfield code="g">y-gencatlg</subfield>
  </datafield>
  <datafield tag="925" ind1="0" ind2=" ">
    <subfield code="a">acquire</subfield>
    <subfield code="b">1 shelf copy</subfield>
    <subfield code="x">policy default</subfield>
  </datafield>
  <datafield tag="955" ind1=" " ind2=" ">
    <subfield code="b">rk11 2020-01-02 to Dewey</subfield>
    <subfield code="w">xm09 2020-1-2</subfield>
  </datafield>
  <datafield tag="010" ind1=" " ind2=" ">
    <subfield code="a">  2019060190</subfield>
  </datafield>
  <datafield tag="020" ind1=" " ind2=" ">
    <subfield code="a">9780062947031</subfield>
    <subfield code="q">(hardcover)</subfield>
  </datafield>
  <datafield tag="020" ind1=" " ind2=" ">
    <subfield code="z">9780062947048</subfield>
    <subfield code="q">(ebook)</subfield>
  </datafield>
  <datafield tag="040" ind1=" " ind2=" ">
    <subfield code="a">DLC</subfield>
    <subfield code="b">eng</subfield>
    <subfield code="e">rda</subfield>
    <subfield code="c">DLC</subfield>
  </datafield>
  <datafield tag="042" ind1=" " ind2=" ">
    <subfield code="a">pcc</subfield>
  </datafield>
  <datafield tag="050" ind1="0" ind2="0">
    <subfield code="a">HQ1170</subfield>
    <subfield code="b">.Y37 2020</subfield>
  </datafield>
  <datafield tag="082" ind1="0" ind2="0">
    <subfield code="a">305.48/697</subfield>
    <subfield code="2">23</subfield>
  </datafield>
  <datafield tag="100" ind1="1" ind2=" ">
    <subfield code="a">Yasmin, Seema,</subfield>
    <subfield code="d">1982-</subfield>
    <subfield code="e">author.</subfield>
  </datafield>
  <datafield tag="245" ind1="1" ind2="0">
    <subfield code="a">Muslim women are everything :</subfield>
    <subfield code="b">stereotype-shattering stories of courage, inspiration, and adventure /</subfield>
    <subfield code="c">Seema Yasmin ; illustratons by Fahmida Azim.</subfield>
  </datafield>
  <datafield tag="263" ind1=" " ind2=" ">
    <subfield code="a">2004</subfield>
  </datafield>
  <datafield tag="264" ind1=" " ind2="1">
    <subfield code="a">New York, NY :</subfield>
    <subfield code="b">Harper Design, an imprint of HarperCollins Publishers,</subfield>
    <subfield code="c">2020.</subfield>
  </datafield>
  <datafield tag="300" ind1=" " ind2=" ">
    <subfield code="a">pages cm</subfield>
  </datafield>
  <datafield tag="336" ind1=" " ind2=" ">
    <subfield code="a">text</subfield>
    <subfield code="b">txt</subfield>
    <subfield code="2">rdacontent</subfield>
  </datafield>
  <datafield tag="337" ind1=" " ind2=" ">
    <subfield code="a">unmediated</subfield>
    <subfield code="b">n</subfield>
    <subfield code="2">rdamedia</subfield>
  </datafield>
  <datafield tag="338" ind1=" " ind2=" ">
    <subfield code="a">volume</subfield>
    <subfield code="b">nc</subfield>
    <subfield code="2">rdacarrier</subfield>
  </datafield>
  <datafield tag="520" ind1=" " ind2=" ">
    <subfield code="a">&quot;A full-color illustrated collection of riveting, inspiring, and stereotype-shattering stories that reveal the beauty, diversity, and strength of Muslim women both past and present&quot;--</subfield>
    <subfield code="c">Provided by publisher.</subfield>
  </datafield>
  <datafield tag="505" ind1="0" ind2=" ">
    <subfield code="a">Muslim women laugh -- Muslim women dance -- Muslim women mean business -- Muslim women make noise -- Muslim women bring home the gold -- Muslim women make history -- Muslim women experiment -- Muslim women rock -- Muslim women drive -- Muslim women get political -- Muslim women write.</subfield>
  </datafield>
  <datafield tag="650" ind1=" " ind2="0">
    <subfield code="a">Muslim women.</subfield>
  </datafield>
  <datafield tag="700" ind1="1" ind2=" ">
    <subfield code="a">Azim, Fahmida,</subfield>
    <subfield code="e">illustrator.</subfield>
  </datafield>
</record>