
<record>
  <leader>07016cam a22004218i 4500</leader>
  <controlfield tag="001">21349308</controlfield>
  <controlfield tag="005">20200102093646.0</controlfield>
  <controlfield tag="008">191223s2020    nyu     ob    001 0 eng  </controlfield>
  <controlfield tag="006">m |o d | </controlfield>
  <controlfield tag="007">cr_|||||||||||</controlfield>
  <datafield tag="906" ind1=" " ind2=" ">
    <subfield code="a">7</subfield>
    <subfield code="b">cbc</subfield>
    <subfield code="c">orignew</subfield>
    <subfield code="d">1</subfield>
    <subfield code="e">ecip</subfield>
    <subfield code="f">20</subfield>
    <subfield code="g">y-gencatlg</subfield>
  </datafield>
  <datafield tag="925" ind1="0" ind2=" ">
    <subfield code="a">acquire</subfield>
    <subfield code="e">ecip ebook</subfield>
    <subfield code="x">policy default</subfield>
  </datafield>
  <datafield tag="955" ind1=" " ind2=" ">
    <subfield code="a">ecip ebook 2020-01-02</subfield>
  </datafield>
  <datafield tag="010" ind1=" " ind2=" ">
    <subfield code="a">  2019059687</subfield>
  </datafield>
  <datafield tag="020" ind1=" " ind2=" ">
    <subfield code="a">9781536171990</subfield>
    <subfield code="q">(adobe pdf)</subfield>
  </datafield>
  <datafield tag="020" ind1=" " ind2=" ">
    <subfield code="z">9781536171990</subfield>
  </datafield>
  <datafield tag="040" ind1=" " ind2=" ">
    <subfield code="a">DLC</subfield>
    <subfield code="b">eng</subfield>
    <subfield code="c">DLC</subfield>
    <subfield code="e">rda</subfield>
  </datafield>
  <datafield tag="042" ind1=" " ind2=" ">
    <subfield code="a">pcc</subfield>
  </datafield>
  <datafield tag="043" ind1=" " ind2=" ">
    <subfield code="a">e-ru---</subfield>
  </datafield>
  <datafield tag="050" ind1="0" ind2="0">
    <subfield code="a">KLB4516</subfield>
  </datafield>
  <datafield tag="082" ind1="0" ind2="0">
    <subfield code="a">345.47/02323</subfield>
    <subfield code="2">23</subfield>
  </datafield>
  <datafield tag="245" ind1="0" ind2="0">
    <subfield code="a">Implementation of international anti-corruption standards in laws and legal practices of the Russian Federation.</subfield>
  </datafield>
  <datafield tag="263" ind1=" " ind2=" ">
    <subfield code="a">2004</subfield>
  </datafield>
  <datafield tag="264" ind1=" " ind2="1">
    <subfield code="a">Hauppauge, NY :</subfield>
    <subfield code="b">Nova Science Publishers,</subfield>
    <subfield code="c">2020.</subfield>
  </datafield>
  <datafield tag="300" ind1=" " ind2=" ">
    <subfield code="a">1 online resource</subfield>
  </datafield>
  <datafield tag="336" ind1=" " ind2=" ">
    <subfield code="a">text</subfield>
    <subfield code="b">txt</subfield>
    <subfield code="2">rdacontent</subfield>
  </datafield>
  <datafield tag="337" ind1=" " ind2=" ">
    <subfield code="a">computer</subfield>
    <subfield code="b">n</subfield>
    <subfield code="2">rdamedia</subfield>
  </datafield>
  <datafield tag="338" ind1=" " ind2=" ">
    <subfield code="a">online resource</subfield>
    <subfield code="b">nc</subfield>
    <subfield code="2">rdacarrier</subfield>
  </datafield>
  <datafield tag="490" ind1="0" ind2=" ">
    <subfield code="a">Law, crime and law enforcement</subfield>
  </datafield>
  <datafield tag="504" ind1=" " ind2=" ">
    <subfield code="a">Includes bibliographical references and index.</subfield>
  </datafield>
  <datafield tag="505" ind1="0" ind2=" ">
    <subfield code="a">Universal International Anti-Corruption Standards / Aleksandra A. Musatkina, Dmitry A. Lipinsky, Victoria V. Bolgova, Tatiana V. Milusheva and Nikolay V. Makareyko, Togliatti State University, Togliatti, Russia, and others -- Regional Anti-Corruption Standards / leksandra A. Musatkina, Dmitry A. Lipinsky, Victoria V. Bolgova, Tatiana V. Milusheva and Nikolay V. Makareyko, Togliatti State University, Togliatti, Russia, and others -- Corruption Risks in the Russian Laws / Dmitry A. Lipinsky, Aleksandra A. Musatkina, Victoria V. Bolgova, Tatiana V. Milusheva and Nikolay V. Makareyko, Togliatti State University, Togliatti, Russia, and others -- Russian Anti-Corruption Legislation : Concept, Framework, Peculiar Implementation of International Standards / Victoria V. Bolgova, Dmitry A. Lipinsky, Aleksandra A. Musatkina, Tatiana V. Milusheva and Nikolay V. Makareyko, First Pro-Rector, Samara State University of Economics, Samara, Russia, and others -- International Anti-Corruption Standards in the Public Service Law of Russia  / Nikolay V. Makareyko, Aleksandra A. Musatkina and Dmitry A. -- Lipinsky, Department of Administrative Law and Procedure, Nizhny Novgorod Academy of the Ministry of Internal Affairs of Russia, Nizhny Novgorod, Russia, and others -- International Anti-Corruption Standards in the Administrative Law of Russia / Tatiana V. Milusheva, Dmitry A. Lipinsky, Victoria V. Bolgova, Nikolay V. Makareyko and Aleksandra A. Musatkina, Civil Law and Procedure Department, Presidential Academy of National Economy and Public Administration, Povolzhsky Institute of Management named after P.A. Stolypin, Saratov, Russia, and others -- International Anti-Corruption Standards in Civil and Criminal Law of Russia / Dmitry A. Lipinsky, Aleksandra A. Musatkina and Nikolay V. Makareyko, Togliatti State University, Togliatti, Russia, and others -- Legal Stances of Russian Courts on Anti-Corruption Issues : Types, Dynamic Changes, Interrelation with International Standards / Victoria V. Bolgova, Dmitry A. Lipinsky, Aleksandra A. Musatkina, Tatiana V. Milusheva and Nikolay V. Makareyko, First Pro-Rector, Samara State University of Economics, Samara, Russia, and others -- Administrative Practice of Anti-Corruption Rules&apos; Implementation in Russia / Victoria V. Bolgova, Dmitry A. Lipinsky, Aleksandra A. Musatkina, Tatiana V. Milusheva and Nikolay V. Makareyko, First Pro-Rector, Samara State University of Economics, Samara, Russia, and others -- Anti-Corruption Case Law in Russia / Victoria V. Bolgova, Dmitry A. Lipinsky, Aleksandra A. Musatkina, Tatiana V. Milusheva and Tatiana V. Milusheva, First Pro-Rector, Samara State University of Economics, Samara, Russia, and others.</subfield>
  </datafield>
  <datafield tag="520" ind1=" " ind2=" ">
    <subfield code="a">&quot;The book deals with the review and analysis of current corruption risks and related risks. The advantage of this book is its versatility which is achieved by means of consideration of the best global and regional practices in the development and implementation of anti-corruption laws, and at the same time, the applied orientation and clear definition of the subject of research - anticorruption efforts in Russia. The book consists of three sections. Section 1 contains a general description of international anti-corruption legislation and related risks. Here, the authors discuss universal international and regional anti-corruption standards, and identify corruption risks in Russian laws. Section 2 presents the review of contemporary practice of introducing international anti-corruption standards into Russian laws. This section formulates the concept and identifies the structure and features of the implementation of international standards in Russian anti-corruption laws. International anti-corruption standards in the civil service law of Russia, in the administrative law of Russia, in the civil and criminal law of Russia are discussed. Section 3 deals with the process of implementing international anti-corruption standards in Russia&apos;s jurisprudence. The legal views of the Russian courts on anti-corruption issues are defined. The administrative practice of applying Russian anti-corruption rules in Russia through the prism of fundamental changes and the relationship to international standards is analyzed. The anti-corruption case law in Russia is analyzed. The book&apos;s target audience is scholars (legal scholars) who inquire into matters of development and application of anti-corruption standards, as well as statesmen and public officials: legislators that develop and approve anti-corruption standards, as well as law enforcement agencies (especially judges) that enforce these standards. In this book, representatives of the target audience will be able to find answers to their questions about how international anti-corruption standards are refracted (transformed) through the prism of domestic legislation, as shown through the example of present-day Russia. The Russian experience can be of some interest and prove useful in the development and improvement of the anti-corruption regulatory framework in some other countries, in particular, in developing countries of the world. Hence, this book can be used as a &quot;road map&quot; for the development of anti-corruption legislation in a modern state&quot;--</subfield>
    <subfield code="c">Provided by publisher.</subfield>
  </datafield>
  <datafield tag="650" ind1=" " ind2="0">
    <subfield code="a">Corruption</subfield>
    <subfield code="x">Law and legislation</subfield>
    <subfield code="z">Russia (Federaton).</subfield>
  </datafield>
  <datafield tag="650" ind1=" " ind2="0">
    <subfield code="a">International and municipal law</subfield>
    <subfield code="z">Russia (Federation).</subfield>
  </datafield>
  <datafield tag="776" ind1="0" ind2="8">
    <subfield code="i">Print version:</subfield>
    <subfield code="t">Implementation of international anti-corruption standards in laws and legal practices of the Russian Federatio</subfield>
    <subfield code="d">Hauppauge, NY : Nova Science Publishers, 2020.</subfield>
    <subfield code="z">9781536171990</subfield>
    <subfield code="w">(DLC) 2019059686</subfield>
  </datafield>
  <datafield tag="952" ind1=" " ind2=" ">
    <subfield code="a">Verifier: ECIP galley included no editors and contents are suspect.  Look closely. Also ask LL if they want this since it is from Nova.--xg08</subfield>
  </datafield>
  <datafield tag="588" ind1=" " ind2=" ">
    <subfield code="a">Description based on print version record and CIP data provided by publisher; resource not viewed.</subfield>
  </datafield>
  <datafield tag="985" ind1=" " ind2=" ">
    <subfield code="a">LC online resource</subfield>
    <subfield code="d">2020-01-02</subfield>
  </datafield>
</record>