
<record>
  <leader>02188cam a2200433 a 4500</leader>
  <controlfield tag="001">21349326</controlfield>
  <controlfield tag="005">20200102131454.0</controlfield>
  <controlfield tag="008">200102s1967    le            000 0 arar </controlfield>
  <datafield tag="906" ind1=" " ind2=" ">
    <subfield code="a">7</subfield>
    <subfield code="b">cbc</subfield>
    <subfield code="c">origres</subfield>
    <subfield code="d">2</subfield>
    <subfield code="e">ncip</subfield>
    <subfield code="f">20</subfield>
    <subfield code="g">y-nonroman</subfield>
  </datafield>
  <datafield tag="925" ind1="0" ind2=" ">
    <subfield code="a">acquire</subfield>
    <subfield code="b">1 shelf copy</subfield>
    <subfield code="x">policy default</subfield>
  </datafield>
  <datafield tag="955" ind1=" " ind2=" ">
    <subfield code="b">cm11 2020-01-02 z-processor JACKPHY</subfield>
    <subfield code="i">cm11 2020-01-02 to CabinBranch for FrankBkColl</subfield>
  </datafield>
  <datafield tag="010" ind1=" " ind2=" ">
    <subfield code="a">  2019384168</subfield>
  </datafield>
  <datafield tag="040" ind1=" " ind2=" ">
    <subfield code="a">DLC</subfield>
    <subfield code="c">DLC</subfield>
  </datafield>
  <datafield tag="041" ind1="1" ind2=" ">
    <subfield code="a">ara</subfield>
    <subfield code="h">eng</subfield>
  </datafield>
  <datafield tag="042" ind1=" " ind2=" ">
    <subfield code="a">pcc</subfield>
  </datafield>
  <datafield tag="050" ind1="0" ind2="0">
    <subfield code="a">PN81</subfield>
    <subfield code="b">.D312 1967</subfield>
  </datafield>
  <datafield tag="066" ind1=" " ind2=" ">
    <subfield code="c">(3</subfield>
    <subfield code="c">(4</subfield>
  </datafield>
  <datafield tag="100" ind1="1" ind2=" ">
    <subfield code="6">880-01</subfield>
    <subfield code="a">Daiches, David,</subfield>
    <subfield code="d">1912-2005,</subfield>
    <subfield code="e">author.</subfield>
  </datafield>
  <datafield tag="880" ind1="1" ind2=" ">
    <subfield code="6">100-01/(3/r‏</subfield>
    <subfield code="a">ديتسش،ديڤيد ‏</subfield>
    <subfield code="d">1912-2005.</subfield>
  </datafield>
  <datafield tag="240" ind1="1" ind2="0">
    <subfield code="a">Critical approaches to literature.</subfield>
    <subfield code="l">Arabic</subfield>
  </datafield>
  <datafield tag="245" ind1="1" ind2="0">
    <subfield code="6">880-02</subfield>
    <subfield code="a">Manāhij al-naqd al-adabī :</subfield>
    <subfield code="b">bayna naẓarīyah wa-al-taṭbīq /</subfield>
    <subfield code="c">Dīvīd Dītsish ; tarjamat, Muḥammad Yūsuf Najim ; murājaʻat, Iḥsān ʻAbbās.</subfield>
  </datafield>
  <datafield tag="880" ind1="1" ind2="0">
    <subfield code="6">245-02/(3/r‏</subfield>
    <subfield code="a">‏مناهج النقد االادبي :‏</subfield>
    <subfield code="b">‏بين نظرية والتطبيق /‏</subfield>
    <subfield code="c">‏ديڤيد ديتسش ؛ ترجمة، محمد يوسف نجم ؛ مراجعة، إحسان عباس.</subfield>
  </datafield>
  <datafield tag="260" ind1=" " ind2=" ">
    <subfield code="6">880-03</subfield>
    <subfield code="a">Bayrūt :</subfield>
    <subfield code="b">Dār al-Ṣādir ;</subfield>
    <subfield code="a">Niyūyūrk :</subfield>
    <subfield code="b">Muʼassasah Frānklīn,</subfield>
    <subfield code="c">1967.</subfield>
  </datafield>
  <datafield tag="880" ind1=" " ind2=" ">
    <subfield code="6">260-03/(3/r‏</subfield>
    <subfield code="a">‏بيروت :‏</subfield>
    <subfield code="b">‏دار الصادر ؛‏</subfield>
    <subfield code="a">‏نيويورك ؛‏</subfield>
    <subfield code="b">‏مؤسسة فرانكلين،‏</subfield>
    <subfield code="c">‏‪1967‬.</subfield>
  </datafield>
  <datafield tag="300" ind1=" " ind2=" ">
    <subfield code="a">640 pages ;</subfield>
    <subfield code="c">25 cm</subfield>
  </datafield>
  <datafield tag="336" ind1=" " ind2=" ">
    <subfield code="a">text</subfield>
    <subfield code="b">txt</subfield>
    <subfield code="2">rdacontent</subfield>
  </datafield>
  <datafield tag="337" ind1=" " ind2=" ">
    <subfield code="a">unmediated</subfield>
    <subfield code="b">n</subfield>
    <subfield code="2">rdamedia</subfield>
  </datafield>
  <datafield tag="338" ind1=" " ind2=" ">
    <subfield code="a">volume</subfield>
    <subfield code="b">nc</subfield>
    <subfield code="2">rdacarrier</subfield>
  </datafield>
  <datafield tag="500" ind1=" " ind2=" ">
    <subfield code="a">Library of Congress. Franklin Book Program Collection, no. A1029.</subfield>
    <subfield code="5">DLC</subfield>
  </datafield>
  <datafield tag="500" ind1=" " ind2=" ">
    <subfield code="a">Originally published in English by: Englewood Cliffs, N.J., Prentice-Hall, 1956.</subfield>
  </datafield>
  <datafield tag="546" ind1=" " ind2=" ">
    <subfield code="a">In Arabic; translated from English.</subfield>
  </datafield>
  <datafield tag="561" ind1=" " ind2=" ">
    <subfield code="a">Purchase of Franklin Book Program Collection, 1979.</subfield>
    <subfield code="5">DLC</subfield>
  </datafield>
  <datafield tag="650" ind1=" " ind2="0">
    <subfield code="a">Criticism.</subfield>
  </datafield>
  <datafield tag="650" ind1=" " ind2="0">
    <subfield code="a">Poetry.</subfield>
  </datafield>
  <datafield tag="700" ind1="1" ind2=" ">
    <subfield code="6">880-04</subfield>
    <subfield code="a">ʻAbbās, Iḥsān.</subfield>
  </datafield>
  <datafield tag="880" ind1="1" ind2=" ">
    <subfield code="6">700-04/(3/r‏</subfield>
    <subfield code="a">‏عباس، إحسان.</subfield>
  </datafield>
  <datafield tag="700" ind1="1" ind2=" ">
    <subfield code="6">880-05</subfield>
    <subfield code="a">Najim, Muḥammad Yūsuf,</subfield>
    <subfield code="e">translator.</subfield>
  </datafield>
  <datafield tag="880" ind1="1" ind2=" ">
    <subfield code="6">700-05/(3/r‏</subfield>
    <subfield code="a">‏نجم، محمد يوسف.</subfield>
  </datafield>
  <datafield tag="710" ind1="2" ind2=" ">
    <subfield code="a">Franklin Book Program Collection (Library of Congress)</subfield>
    <subfield code="5">DLC</subfield>
  </datafield>
</record>