
<record>
  <leader>03134cam a2200469 i 4500</leader>
  <controlfield tag="001">21349337</controlfield>
  <controlfield tag="005">20200102120956.0</controlfield>
  <controlfield tag="008">200102t20182018nyua     b    001 0beng d</controlfield>
  <datafield tag="906" ind1=" " ind2=" ">
    <subfield code="a">7</subfield>
    <subfield code="b">cbc</subfield>
    <subfield code="c">copycat</subfield>
    <subfield code="d">2</subfield>
    <subfield code="e">ncip</subfield>
    <subfield code="f">20</subfield>
    <subfield code="g">y-gencatlg</subfield>
  </datafield>
  <datafield tag="925" ind1="0" ind2=" ">
    <subfield code="a">acquire</subfield>
    <subfield code="b">1 shelf copy</subfield>
    <subfield code="x">policy default</subfield>
  </datafield>
  <datafield tag="955" ind1=" " ind2=" ">
    <subfield code="a">vk39 2020-01-02 z-client</subfield>
    <subfield code="i">vk39 2020-01-02</subfield>
    <subfield code="e">vk39 2020-01-02 c.1 to Dewey</subfield>
  </datafield>
  <datafield tag="010" ind1=" " ind2=" ">
    <subfield code="a">  2019565070</subfield>
  </datafield>
  <datafield tag="020" ind1=" " ind2=" ">
    <subfield code="a">9781681777689</subfield>
    <subfield code="q">(hardcover)</subfield>
  </datafield>
  <datafield tag="020" ind1=" " ind2=" ">
    <subfield code="a">1681777681</subfield>
    <subfield code="q">(hardcover)</subfield>
  </datafield>
  <datafield tag="024" ind1="8" ind2=" ">
    <subfield code="a">99977447300</subfield>
  </datafield>
  <datafield tag="035" ind1=" " ind2=" ">
    <subfield code="a">(OCoLC)on1005685837</subfield>
  </datafield>
  <datafield tag="035" ind1=" " ind2=" ">
    <subfield code="a">(OCoLC)1005685837</subfield>
    <subfield code="z">(OCoLC)1041896071</subfield>
  </datafield>
  <datafield tag="040" ind1=" " ind2=" ">
    <subfield code="a">YDX</subfield>
    <subfield code="b">eng</subfield>
    <subfield code="e">rda</subfield>
    <subfield code="c">YDX</subfield>
    <subfield code="d">BDX</subfield>
    <subfield code="d">TOH</subfield>
    <subfield code="d">IEB</subfield>
    <subfield code="d">CO2</subfield>
    <subfield code="d">UOK</subfield>
    <subfield code="d">ORX</subfield>
    <subfield code="d">FM0</subfield>
    <subfield code="d">UAP</subfield>
    <subfield code="d">OCLCF</subfield>
    <subfield code="d">OCLCA</subfield>
    <subfield code="d">OWS</subfield>
    <subfield code="d">VP@</subfield>
    <subfield code="d">SINLB</subfield>
    <subfield code="d">PAU</subfield>
    <subfield code="d">OCLCA</subfield>
    <subfield code="d">COD</subfield>
    <subfield code="d">OCLCO</subfield>
    <subfield code="d">LCX</subfield>
    <subfield code="d">TR9</subfield>
    <subfield code="d">OCLCO</subfield>
    <subfield code="d">AZZPT</subfield>
    <subfield code="d">OCLCO</subfield>
    <subfield code="d">PLS</subfield>
    <subfield code="d">OCLCO</subfield>
    <subfield code="d">AU@</subfield>
    <subfield code="d">OCLCO</subfield>
    <subfield code="d">HZH</subfield>
    <subfield code="d">OCLCO</subfield>
    <subfield code="d">YUS</subfield>
    <subfield code="d">OCLCO</subfield>
    <subfield code="d">BYV</subfield>
    <subfield code="d">OCLCO</subfield>
    <subfield code="d">FXG</subfield>
    <subfield code="d">OCL</subfield>
    <subfield code="d">OCLCA</subfield>
    <subfield code="d">OCLCQ</subfield>
    <subfield code="d">OCLCO</subfield>
    <subfield code="d">DLC</subfield>
  </datafield>
  <datafield tag="042" ind1=" " ind2=" ">
    <subfield code="a">lccopycat</subfield>
  </datafield>
  <datafield tag="043" ind1=" " ind2=" ">
    <subfield code="a">e-it---</subfield>
  </datafield>
  <datafield tag="050" ind1="0" ind2="0">
    <subfield code="a">ML410.V4</subfield>
    <subfield code="b">S88 2018</subfield>
  </datafield>
  <datafield tag="082" ind1="0" ind2="4">
    <subfield code="a">782.1092</subfield>
    <subfield code="2">23</subfield>
  </datafield>
  <datafield tag="084" ind1=" " ind2=" ">
    <subfield code="a">MUS050000</subfield>
    <subfield code="a">BIO004000</subfield>
    <subfield code="a">MUS028000</subfield>
    <subfield code="2">bisacsh</subfield>
  </datafield>
  <datafield tag="100" ind1="1" ind2=" ">
    <subfield code="a">Suchet, John,</subfield>
    <subfield code="d">1944-</subfield>
    <subfield code="e">author.</subfield>
  </datafield>
  <datafield tag="245" ind1="1" ind2="0">
    <subfield code="a">Verdi :</subfield>
    <subfield code="b">the man revealed /</subfield>
    <subfield code="c">John Suchet.</subfield>
  </datafield>
  <datafield tag="250" ind1=" " ind2=" ">
    <subfield code="a">First Pegasus Books hardcover edition.</subfield>
  </datafield>
  <datafield tag="264" ind1=" " ind2="1">
    <subfield code="a">New York :</subfield>
    <subfield code="b">Pegasus Books,</subfield>
    <subfield code="c">2018.</subfield>
  </datafield>
  <datafield tag="264" ind1=" " ind2="4">
    <subfield code="c">©2018</subfield>
  </datafield>
  <datafield tag="300" ind1=" " ind2=" ">
    <subfield code="a">279 pages :</subfield>
    <subfield code="b">illustrations (chiefly color) ;</subfield>
    <subfield code="c">24 cm</subfield>
  </datafield>
  <datafield tag="336" ind1=" " ind2=" ">
    <subfield code="a">text</subfield>
    <subfield code="b">txt</subfield>
    <subfield code="2">rdacontent</subfield>
  </datafield>
  <datafield tag="337" ind1=" " ind2=" ">
    <subfield code="a">unmediated</subfield>
    <subfield code="b">n</subfield>
    <subfield code="2">rdamedia</subfield>
  </datafield>
  <datafield tag="338" ind1=" " ind2=" ">
    <subfield code="a">volume</subfield>
    <subfield code="b">nc</subfield>
    <subfield code="2">rdacarrier</subfield>
  </datafield>
  <datafield tag="504" ind1=" " ind2=" ">
    <subfield code="a">Includes bibliographical references (pages 270-271) and index.</subfield>
  </datafield>
  <datafield tag="505" ind1="0" ind2=" ">
    <subfield code="a">Confused beginnings -- A father and his daughter -- &quot;He is a rude, uncivil scoundrel&quot; -- Intolerable losses -- Another loss and a fiasco -- &quot;Little by little the opera was composed&quot; -- The galley years -- &quot;Signore Maestro&quot; -- Verdi, man of property -- Queen Victoria is not amused -- &quot;The hour of liberation has sounded&quot; -- Verdi sets tongues wagging -- The opera is &quot;repugnant, immortal, obscene&quot; -- A rift in the Verdi family -- A question of identity -- &quot;Without you, I am a body without a soul&quot; -- The Bear of Busseto -- Verdi, gentleman farmer -- &quot;Verdi is my tyrant&quot; -- A wedding at last -- A soprano impresses Verdi -- &quot;I am an almost perfect Wagnerian&quot; -- An opera for Cairo -- &quot;The all-powerful corruptor of Italian artistic taste&quot; -- Scandal and comedy -- &quot;One button more, one button less&quot;.</subfield>
  </datafield>
  <datafield tag="520" ind1=" " ind2=" ">
    <subfield code="a">Giuseppe Verdi remains the greatest operatic composer that Italy, the home of opera, has ever produced. Yet throughout his lifetime he claimed to detest composing and repeatedly rejected it. He was a landowner, a farmer, a politician and symbol of Italian independence; but his music tells a different story. An obsessive perfectionist, Verdi drove collaborators to despair but his works lauded from the start as dazzling feats of composition and characterization.</subfield>
  </datafield>
  <datafield tag="600" ind1="1" ind2="0">
    <subfield code="a">Verdi, Giuseppe,</subfield>
    <subfield code="d">1813-1901.</subfield>
  </datafield>
  <datafield tag="600" ind1="1" ind2="7">
    <subfield code="a">Verdi, Giuseppe,</subfield>
    <subfield code="d">1813-1901.</subfield>
    <subfield code="2">fast</subfield>
    <subfield code="0">(OCoLC)fst00033445</subfield>
  </datafield>
  <datafield tag="650" ind1=" " ind2="0">
    <subfield code="a">Composers</subfield>
    <subfield code="z">Italy</subfield>
    <subfield code="v">Biography.</subfield>
  </datafield>
  <datafield tag="650" ind1=" " ind2="7">
    <subfield code="a">Composers.</subfield>
    <subfield code="2">fast</subfield>
    <subfield code="0">(OCoLC)fst00871620</subfield>
  </datafield>
  <datafield tag="651" ind1=" " ind2="7">
    <subfield code="a">Italy.</subfield>
    <subfield code="2">fast</subfield>
    <subfield code="0">(OCoLC)fst01204565</subfield>
  </datafield>
  <datafield tag="655" ind1=" " ind2="7">
    <subfield code="a">Biographies.</subfield>
    <subfield code="2">fast</subfield>
    <subfield code="0">(OCoLC)fst01919896</subfield>
  </datafield>
  <datafield tag="655" ind1=" " ind2="7">
    <subfield code="a">Biographies.</subfield>
    <subfield code="2">lcgft</subfield>
  </datafield>
</record>