
<record>
  <leader>03475cam a22003378i 4500</leader>
  <controlfield tag="001">21349358</controlfield>
  <controlfield tag="005">20200102115611.0</controlfield>
  <controlfield tag="008">200102s2020    vc       b    101 0 eng  </controlfield>
  <datafield tag="906" ind1=" " ind2=" ">
    <subfield code="a">0</subfield>
    <subfield code="b">ibc</subfield>
    <subfield code="c">orignew</subfield>
    <subfield code="d">1</subfield>
    <subfield code="e">ecip</subfield>
    <subfield code="f">20</subfield>
    <subfield code="g">y-gencatlg</subfield>
  </datafield>
  <datafield tag="925" ind1="0" ind2=" ">
    <subfield code="a">acquire</subfield>
    <subfield code="b">1 shelf copy</subfield>
    <subfield code="x">policy default</subfield>
  </datafield>
  <datafield tag="955" ind1=" " ind2=" ">
    <subfield code="b">rk11 2020-01-02</subfield>
    <subfield code="e">rk11 2020-01-02 to subj.</subfield>
  </datafield>
  <datafield tag="010" ind1=" " ind2=" ">
    <subfield code="a">  2019060267</subfield>
  </datafield>
  <datafield tag="020" ind1=" " ind2=" ">
    <subfield code="a">9781733988933</subfield>
    <subfield code="q">(hardback)</subfield>
  </datafield>
  <datafield tag="040" ind1=" " ind2=" ">
    <subfield code="a">DLC</subfield>
    <subfield code="b">eng</subfield>
    <subfield code="e">rda</subfield>
    <subfield code="c">DLC</subfield>
  </datafield>
  <datafield tag="042" ind1=" " ind2=" ">
    <subfield code="a">pcc</subfield>
  </datafield>
  <datafield tag="050" ind1="0" ind2="0">
    <subfield code="a">IN PROCESS</subfield>
  </datafield>
  <datafield tag="111" ind1="2" ind2=" ">
    <subfield code="a">Fundamental Rights and Conflicts Among Rights (Symposium)</subfield>
    <subfield code="d">(2018 :</subfield>
    <subfield code="c">Libera università &quot;Maria SS. Assunta&quot;),</subfield>
    <subfield code="j">author.</subfield>
  </datafield>
  <datafield tag="245" ind1="1" ind2="0">
    <subfield code="a">Fundamental rights and conflicts among rights /</subfield>
    <subfield code="c">edited by Mary Ann Glendon and Pierluca Azzaro.</subfield>
  </datafield>
  <datafield tag="263" ind1=" " ind2=" ">
    <subfield code="a">2003</subfield>
  </datafield>
  <datafield tag="264" ind1=" " ind2="1">
    <subfield code="a">[Vatican City] :</subfield>
    <subfield code="b">Pope Benedict XVI Foundation ;</subfield>
    <subfield code="a">Steubenville, OH :</subfield>
    <subfield code="b">Franciscan University Press,</subfield>
    <subfield code="c">[2020]</subfield>
  </datafield>
  <datafield tag="264" ind1=" " ind2="2">
    <subfield code="a">Baltimore, MD :</subfield>
    <subfield code="b">The Catholic University of America Press</subfield>
  </datafield>
  <datafield tag="300" ind1=" " ind2=" ">
    <subfield code="a">pages cm</subfield>
  </datafield>
  <datafield tag="336" ind1=" " ind2=" ">
    <subfield code="a">text</subfield>
    <subfield code="b">txt</subfield>
    <subfield code="2">rdacontent</subfield>
  </datafield>
  <datafield tag="337" ind1=" " ind2=" ">
    <subfield code="a">unmediated</subfield>
    <subfield code="b">n</subfield>
    <subfield code="2">rdamedia</subfield>
  </datafield>
  <datafield tag="338" ind1=" " ind2=" ">
    <subfield code="a">volume</subfield>
    <subfield code="b">nc</subfield>
    <subfield code="2">rdacarrier</subfield>
  </datafield>
  <datafield tag="520" ind1=" " ind2=" ">
    <subfield code="a">&quot;How far have we come putting into practice what was declared in the Universal Declaration of Human Rights, which this year marks its 70th anniversary? How can the Church respond today to the new challenges threatening these rights, whether relativism, fundamentalism, and persecution or new types of poverty and oppression? And with whom can the Church engage on these issues? With states, religious leaders, international institutions, cultural institutions, or first and foremost with global civil society? In addition, what are the roots of fundamental rights, and what response can there be to the danger of a multiplication of rights that can paradoxically threaten concepts on the rule of law and human dignity? These are the fundamental questions addressed and debated by the experts whose essays appear in this book. Fundamental Rights and Conflicts among Rights is divided into four parts: Genesis and Meaning of the Idea of Religious Liberty, Laicité and Natural Law, Birth and Transformation of the Culture of Liberty and Human Rights, and the Multiplication of Rights and the Risk of Destruction of the Idea of Right. Throughout the volume, prestigious international experts analyze these issues. Among them are Giuseppe Dalla Torre (Libera Università Maria SS. Assunta), Jean Louis Ska (Pontificio Istituto Biblico), Robert P. George (Princeton University), Marta Cartabia (vice president of the Italian Constitutional Court), Carlos Ignacio Massini (Mendoza, Argentina), Barbara Zehnpfennig (Universität Passau), Mary Ann Glendon (Harvard University), Joseph H. Weiler (New York University), and Roberto Baratta (Macerata, Italia). The volume also contains an essay by Cardinal Pietro Parolin, secretary of state, on &quot;The Church&apos;s Interlocutors in the Debate and in the Affirmation of Human Rights.&quot;&quot;--</subfield>
    <subfield code="c">Provided by publisher.</subfield>
  </datafield>
  <datafield tag="504" ind1=" " ind2=" ">
    <subfield code="a">Includes bibliographical references and index.</subfield>
  </datafield>
  <datafield tag="505" ind1="2" ind2=" ">
    <subfield code="a">The multiplication of rights and the destruction of the concept of law / Benedict XVI - Pope emeritus -- Human rights and democracy / Maria Lacalle -- The Church&apos;s dialogue partners in the discussion and defence of human rights / Cardinal Pietro Parolin, Secretary of State.</subfield>
  </datafield>
  <datafield tag="700" ind1="1" ind2=" ">
    <subfield code="a">Glendon, Mary Ann,</subfield>
    <subfield code="d">1938-</subfield>
    <subfield code="e">editor.</subfield>
  </datafield>
  <datafield tag="700" ind1="1" ind2=" ">
    <subfield code="a">Azzaro, Pierluca,</subfield>
    <subfield code="d">1970-</subfield>
    <subfield code="e">editor.</subfield>
  </datafield>
  <datafield tag="710" ind1="2" ind2=" ">
    <subfield code="a">Fondazione vaticana Joseph Ratzinger - Benedetto XVI,</subfield>
    <subfield code="e">organizer,</subfield>
    <subfield code="e">issuing body.</subfield>
  </datafield>
</record>