
<record>
  <leader>01918cam a2200289 a 4500</leader>
  <controlfield tag="001">21349389</controlfield>
  <controlfield tag="005">20200102110529.0</controlfield>
  <controlfield tag="008">200102s1684    enkaf         000 0 eng  </controlfield>
  <datafield tag="906" ind1=" " ind2=" ">
    <subfield code="a">7</subfield>
    <subfield code="b">cbc</subfield>
    <subfield code="c">origres</subfield>
    <subfield code="d">2</subfield>
    <subfield code="e">ncip</subfield>
    <subfield code="f">20</subfield>
    <subfield code="g">y-genrareb</subfield>
  </datafield>
  <datafield tag="955" ind1=" " ind2=" ">
    <subfield code="a">he18 2020-01-02</subfield>
    <subfield code="i">he18 2020-01-02</subfield>
  </datafield>
  <datafield tag="010" ind1=" " ind2=" ">
    <subfield code="a">  2018658233</subfield>
  </datafield>
  <datafield tag="040" ind1=" " ind2=" ">
    <subfield code="a">DLC</subfield>
    <subfield code="b">eng</subfield>
    <subfield code="c">DLC</subfield>
    <subfield code="e">dcrmb</subfield>
  </datafield>
  <datafield tag="042" ind1=" " ind2=" ">
    <subfield code="a">pcc</subfield>
  </datafield>
  <datafield tag="050" ind1="0" ind2="0">
    <subfield code="a">PR3506.H97</subfield>
    <subfield code="b">P7 1684</subfield>
  </datafield>
  <datafield tag="100" ind1="1" ind2=" ">
    <subfield code="a">Head, Richard,</subfield>
    <subfield code="d">1637?-1686.</subfield>
  </datafield>
  <datafield tag="245" ind1="1" ind2="0">
    <subfield code="a">Proteus redivivus :</subfield>
    <subfield code="b">the art of wheedling or insinuation, in general and particular conversations and trades : together with the several actions, inclinations and passions of both sexes, and of all their professions and occupations : discovering their many tricks and designs to self-advancement, though by indirect wayes and methods : fitly suited to these times, to prevent the vertuous from abuses and to detect the enormities of the vitious : furnished with many delightful songs in various chapters /</subfield>
    <subfield code="c">compil&apos;d and publish&apos;d formerly by R.H. but now reprinted with additions in every chapter, to almost one half of the book, by the same author.</subfield>
  </datafield>
  <datafield tag="246" ind1="3" ind2="0">
    <subfield code="a">Art of wheedling or insinuation</subfield>
  </datafield>
  <datafield tag="260" ind1=" " ind2=" ">
    <subfield code="a">London :</subfield>
    <subfield code="b">Printed for T.D. and are to be sold by most booksellers of London and Westminster,</subfield>
    <subfield code="c">1684.</subfield>
  </datafield>
  <datafield tag="300" ind1=" " ind2=" ">
    <subfield code="a">[24], 322, [2] p., [1] folded leaf of plates :</subfield>
    <subfield code="b">ill. (engraving) ;</subfield>
    <subfield code="c">15 cm (12mo)</subfield>
  </datafield>
  <datafield tag="500" ind1=" " ind2=" ">
    <subfield code="a">&quot;The author&apos;s epistle&quot; signed: R.H.</subfield>
  </datafield>
  <datafield tag="500" ind1=" " ind2=" ">
    <subfield code="a">Signatures: A-O¹² P⁶ (P6 blank)</subfield>
  </datafield>
  <datafield tag="510" ind1="4" ind2=" ">
    <subfield code="a">Wing, D.G. Short-title catalogue of books printed in England, Scotland, Ireland, Wales, and British America, and of English books printed in other countries, 1641-1700 (2nd ed. 1994),</subfield>
    <subfield code="c">H1274</subfield>
  </datafield>
  <datafield tag="510" ind1="4" ind2=" ">
    <subfield code="a">English Short Title Catalogue,</subfield>
    <subfield code="c">R20594</subfield>
  </datafield>
  <datafield tag="500" ind1=" " ind2=" ">
    <subfield code="a">LC copy imperfect: frontispiece wanting.</subfield>
    <subfield code="5">DLC</subfield>
  </datafield>
  <datafield tag="650" ind1=" " ind2="0">
    <subfield code="a">Rogues and vagabonds</subfield>
    <subfield code="v">Early works to 1800.</subfield>
  </datafield>
  <datafield tag="650" ind1=" " ind2="0">
    <subfield code="a">Swindlers and swindling</subfield>
    <subfield code="v">Early works to 1800.</subfield>
  </datafield>
  <datafield tag="985" ind1=" " ind2=" ">
    <subfield code="a">BibframePilot2</subfield>
    <subfield code="e">20200102</subfield>
  </datafield>
</record>