
<record>
  <leader>01126cam a22002655i 4500</leader>
  <controlfield tag="001">21349403</controlfield>
  <controlfield tag="005">20200102104357.0</controlfield>
  <controlfield tag="008">200102s2019    au a         u100 u ger  </controlfield>
  <datafield tag="906" ind1=" " ind2=" ">
    <subfield code="a">0</subfield>
    <subfield code="b">ibc</subfield>
    <subfield code="c">origres</subfield>
    <subfield code="d">3</subfield>
    <subfield code="e">ncip</subfield>
    <subfield code="f">20</subfield>
    <subfield code="g">y-nonroman</subfield>
  </datafield>
  <datafield tag="925" ind1="0" ind2=" ">
    <subfield code="a">acquire</subfield>
    <subfield code="b">1 shelf copy</subfield>
    <subfield code="x">policy default</subfield>
  </datafield>
  <datafield tag="955" ind1=" " ind2=" ">
    <subfield code="b">ff16 2020-01-02 z-processor</subfield>
  </datafield>
  <datafield tag="010" ind1=" " ind2=" ">
    <subfield code="a">  2019455195</subfield>
  </datafield>
  <datafield tag="040" ind1=" " ind2=" ">
    <subfield code="a">DLC</subfield>
    <subfield code="b">eng</subfield>
    <subfield code="e">rda</subfield>
    <subfield code="c">DLC</subfield>
  </datafield>
  <datafield tag="041" ind1=" " ind2=" ">
    <subfield code="a">ger</subfield>
    <subfield code="a">eng</subfield>
  </datafield>
  <datafield tag="042" ind1=" " ind2=" ">
    <subfield code="a">pcc</subfield>
  </datafield>
  <datafield tag="111" ind1="2" ind2=" ">
    <subfield code="a">Festveranstaltung zur Emeritierung von Werner E. Piller</subfield>
    <subfield code="d">2019</subfield>
    <subfield code="c">Graz</subfield>
    <subfield code="4">aut</subfield>
    <subfield code="j">Verfasser</subfield>
  </datafield>
  <datafield tag="245" ind1="1" ind2="0">
    <subfield code="a">Festveranstaltung zur Emeritierung von Werner E. Piller</subfield>
    <subfield code="b">5. Oktober 2019, Meerscheinschlössl, Mozartgasse 3, 8010 Graz : Veranstaltungsprogramm, Vortragskurzfassungen, Beiträge</subfield>
    <subfield code="c">Redaktion: Bernhard Hubmann &amp; Walter Kurz</subfield>
  </datafield>
  <datafield tag="264" ind1=" " ind2="1">
    <subfield code="a">Wien</subfield>
    <subfield code="b">Geologische Bundesanstalt</subfield>
    <subfield code="c">September 2019</subfield>
  </datafield>
  <datafield tag="300" ind1=" " ind2=" ">
    <subfield code="a">46 pages :</subfield>
    <subfield code="b">Illustrations ;</subfield>
    <subfield code="c">30 cm.</subfield>
  </datafield>
  <datafield tag="336" ind1=" " ind2=" ">
    <subfield code="a">text</subfield>
    <subfield code="b">txt</subfield>
    <subfield code="2">rdacontent</subfield>
  </datafield>
  <datafield tag="337" ind1=" " ind2=" ">
    <subfield code="a">unmediated</subfield>
    <subfield code="b">n</subfield>
    <subfield code="2">rdamedia</subfield>
  </datafield>
  <datafield tag="338" ind1=" " ind2=" ">
    <subfield code="a">volume</subfield>
    <subfield code="b">nc</subfield>
    <subfield code="2">rdacarrier</subfield>
  </datafield>
  <datafield tag="490" ind1="0" ind2=" ">
    <subfield code="a">Berichte der Geologischen Bundesanstalt</subfield>
    <subfield code="x">1017-8880</subfield>
    <subfield code="v">133</subfield>
  </datafield>
  <datafield tag="700" ind1="1" ind2=" ">
    <subfield code="a">Hubmann, Bernhard</subfield>
    <subfield code="d">1961-</subfield>
  </datafield>
  <datafield tag="923" ind1=" " ind2=" ">
    <subfield code="a">exchange</subfield>
    <subfield code="d">2019-12-05</subfield>
    <subfield code="s">94000443</subfield>
  </datafield>
</record>