
<record>
  <leader>01212cem a22002894a 4500</leader>
  <controlfield tag="001">21349408</controlfield>
  <controlfield tag="005">20200102104912.0</controlfield>
  <controlfield tag="007">aj canzn</controlfield>
  <controlfield tag="008">200102s2011    pau       a     1   eng  </controlfield>
  <datafield tag="906" ind1=" " ind2=" ">
    <subfield code="a">0</subfield>
    <subfield code="b">ibc</subfield>
    <subfield code="c">origcop</subfield>
    <subfield code="d">u</subfield>
    <subfield code="e">ncip</subfield>
    <subfield code="f">20</subfield>
    <subfield code="g">y-geogmaps</subfield>
  </datafield>
  <datafield tag="955" ind1=" " ind2=" ">
    <subfield code="i">ga37 2020-01-02 sent to CMT</subfield>
  </datafield>
  <datafield tag="010" ind1=" " ind2=" ">
    <subfield code="a">  2020589119</subfield>
  </datafield>
  <datafield tag="034" ind1="1" ind2=" ">
    <subfield code="a">a</subfield>
    <subfield code="b">26000</subfield>
  </datafield>
  <datafield tag="040" ind1=" " ind2=" ">
    <subfield code="a">DLC</subfield>
    <subfield code="c">DLC</subfield>
    <subfield code="d">DLC</subfield>
  </datafield>
  <datafield tag="050" ind1="0" ind2="0">
    <subfield code="a">G4084.P518 2011</subfield>
    <subfield code="b">.M8</subfield>
  </datafield>
  <datafield tag="052" ind1=" " ind2=" ">
    <subfield code="a">4084</subfield>
    <subfield code="b">P518</subfield>
  </datafield>
  <datafield tag="110" ind1="2" ind2=" ">
    <subfield code="a">Municipal Publications (Firm),</subfield>
    <subfield code="e">cartographer.</subfield>
  </datafield>
  <datafield tag="245" ind1="1" ind2="0">
    <subfield code="a">A great place to live, Genoa Township, Delaware County, Ohio :</subfield>
    <subfield code="b">2011 map &amp; guide /</subfield>
    <subfield code="c">Municipal Publications, Inc.</subfield>
  </datafield>
  <datafield tag="255" ind1=" " ind2=" ">
    <subfield code="a">Scale approximately 1:26,000.</subfield>
  </datafield>
  <datafield tag="264" ind1=" " ind2="1">
    <subfield code="a">Home, PA :</subfield>
    <subfield code="b">Municipal Publications ;</subfield>
    <subfield code="a">Canton, OH :</subfield>
    <subfield code="b">Plain Township Trustees [distributor],</subfield>
    <subfield code="c">c2011.</subfield>
  </datafield>
  <datafield tag="300" ind1=" " ind2=" ">
    <subfield code="a">1 map :</subfield>
    <subfield code="b">color,</subfield>
    <subfield code="c">40 x 40 cm, folded to 28 x 22 cm</subfield>
  </datafield>
  <datafield tag="500" ind1=" " ind2=" ">
    <subfield code="a">Title from panel.</subfield>
  </datafield>
  <datafield tag="500" ind1=" " ind2=" ">
    <subfield code="a">Includes index, note, and indexed advertiements.</subfield>
  </datafield>
  <datafield tag="500" ind1=" " ind2=" ">
    <subfield code="a">Text, government agencies/services, community information, directory, and col. ill. on verso.</subfield>
  </datafield>
  <datafield tag="651" ind1=" " ind2="0">
    <subfield code="a">Genoa (Delaware County, Ohio : Township)</subfield>
    <subfield code="v">Maps.</subfield>
  </datafield>
  <datafield tag="650" ind1=" " ind2="0">
    <subfield code="a">Municipal government</subfield>
    <subfield code="z">Ohio</subfield>
    <subfield code="z">Genoa (Delaware County : Township)</subfield>
    <subfield code="v">Directories.</subfield>
  </datafield>
  <datafield tag="655" ind1=" " ind2="7">
    <subfield code="a">Maps.</subfield>
    <subfield code="2">lcgft</subfield>
  </datafield>
</record>