
<record>
  <leader>02435nam a22002775i 4500</leader>
  <controlfield tag="001">21349412</controlfield>
  <controlfield tag="005">20200102105235.0</controlfield>
  <controlfield tag="008">200102s2020    nyu           000 0 eng  </controlfield>
  <datafield tag="906" ind1=" " ind2=" ">
    <subfield code="a">0</subfield>
    <subfield code="b">ibc</subfield>
    <subfield code="c">orignew</subfield>
    <subfield code="d">2</subfield>
    <subfield code="e">epcn</subfield>
    <subfield code="f">20</subfield>
    <subfield code="g">y-gencatlg</subfield>
  </datafield>
  <datafield tag="925" ind1="0" ind2=" ">
    <subfield code="a">acquire</subfield>
    <subfield code="b">1 shelf copy</subfield>
    <subfield code="x">policy default</subfield>
  </datafield>
  <datafield tag="955" ind1=" " ind2=" ">
    <subfield code="b">xd04 2020-01-02</subfield>
  </datafield>
  <datafield tag="010" ind1=" " ind2=" ">
    <subfield code="a">  2020930021</subfield>
  </datafield>
  <datafield tag="020" ind1=" " ind2=" ">
    <subfield code="a">9780198845041</subfield>
    <subfield code="q">(hardback)</subfield>
  </datafield>
  <datafield tag="020" ind1=" " ind2=" ">
    <subfield code="z">9780192583697</subfield>
    <subfield code="q">(epub)</subfield>
  </datafield>
  <datafield tag="040" ind1=" " ind2=" ">
    <subfield code="a">DLC</subfield>
    <subfield code="b">eng</subfield>
    <subfield code="e">rda</subfield>
    <subfield code="c">DLC</subfield>
  </datafield>
  <datafield tag="042" ind1=" " ind2=" ">
    <subfield code="a">pcc</subfield>
  </datafield>
  <datafield tag="100" ind1="1" ind2=" ">
    <subfield code="a">Robbins, Joel,</subfield>
    <subfield code="e">author.</subfield>
  </datafield>
  <datafield tag="245" ind1="1" ind2="0">
    <subfield code="a">Theology and the anthropology of Christian life /</subfield>
    <subfield code="c">Joel Robbins.</subfield>
  </datafield>
  <datafield tag="250" ind1=" " ind2=" ">
    <subfield code="a">New edition.</subfield>
  </datafield>
  <datafield tag="263" ind1=" " ind2=" ">
    <subfield code="a">2007</subfield>
  </datafield>
  <datafield tag="264" ind1=" " ind2="1">
    <subfield code="a">New York :</subfield>
    <subfield code="b">Oxford University Press,</subfield>
    <subfield code="c">2020.</subfield>
  </datafield>
  <datafield tag="300" ind1=" " ind2=" ">
    <subfield code="a">pages cm</subfield>
  </datafield>
  <datafield tag="336" ind1=" " ind2=" ">
    <subfield code="a">text</subfield>
    <subfield code="b">txt</subfield>
    <subfield code="2">rdacontent</subfield>
  </datafield>
  <datafield tag="337" ind1=" " ind2=" ">
    <subfield code="a">unmediated</subfield>
    <subfield code="b">n</subfield>
    <subfield code="2">rdamedia</subfield>
  </datafield>
  <datafield tag="338" ind1=" " ind2=" ">
    <subfield code="a">volume</subfield>
    <subfield code="b">nc</subfield>
    <subfield code="2">rdacarrier</subfield>
  </datafield>
  <datafield tag="520" ind1=" " ind2=" ">
    <subfield code="a">&quot;Both sociocultural anthropology and theology have made fundamental contributions to our understanding human experience and the place of humanity in the world. But can these two disciplines, despite the radical differences that separate them, work together to transform their thinking on these topics? This book argues that they can. To make this point, the author draws on key theological discussions of such matters as atonement, eschatology, interruption, passivity, and judgement to rethink important anthropological debates about such topics as ethical life, radical change, the ways people live in time, agency, gift giving, and the nature of humanity. The result is both a reconsideration of important aspects of anthropological theory through theological categories and a series of careful readings of influential theologians such as Moltmann, Pannenberg, Jüngel, and Dalferth from the vantage point of rich ethnographic materials concerning the lives of Christians from around the world. In conclusion, the author draws on contemporary discussions of secularism to interrogate the secular foundations of anthropology and suggests that the differences between anthropology and theology in regard to this topic can provide a foundation rather than obstacle to their dialogue. Written as a work of interdisciplinary anthropological theorizing, this book also provides theologians an introduction to some of the most important ground covered by burgeoning field of the anthropology of Christianity while guiding anthropologists into some major areas of theological discussion&quot;--</subfield>
    <subfield code="c">Provided by publisher.</subfield>
  </datafield>
</record>