
<record>
  <leader>03376cam a22003738i 4500</leader>
  <controlfield tag="001">21349418</controlfield>
  <controlfield tag="005">20200102121858.0</controlfield>
  <controlfield tag="008">200102t20202019nyu      b    001 0 eng  </controlfield>
  <datafield tag="906" ind1=" " ind2=" ">
    <subfield code="a">7</subfield>
    <subfield code="b">cbc</subfield>
    <subfield code="c">orignew</subfield>
    <subfield code="d">1</subfield>
    <subfield code="e">ecip</subfield>
    <subfield code="f">20</subfield>
    <subfield code="g">y-gencatlg</subfield>
  </datafield>
  <datafield tag="925" ind1="0" ind2=" ">
    <subfield code="a">acquire</subfield>
    <subfield code="b">1 shelf copy</subfield>
    <subfield code="x">policy default</subfield>
  </datafield>
  <datafield tag="955" ind1=" " ind2=" ">
    <subfield code="b">rl12 2020-01-02</subfield>
    <subfield code="i">rl12 2020-01-02 to Dewey</subfield>
    <subfield code="w">xm06 2020-01-02</subfield>
  </datafield>
  <datafield tag="010" ind1=" " ind2=" ">
    <subfield code="a">  2019059676</subfield>
  </datafield>
  <datafield tag="020" ind1=" " ind2=" ">
    <subfield code="a">9781536171365</subfield>
    <subfield code="q">(paperback)</subfield>
  </datafield>
  <datafield tag="020" ind1=" " ind2=" ">
    <subfield code="z">9781536171686</subfield>
    <subfield code="q">(adobe pdf)</subfield>
  </datafield>
  <datafield tag="040" ind1=" " ind2=" ">
    <subfield code="a">DLC</subfield>
    <subfield code="b">eng</subfield>
    <subfield code="e">rda</subfield>
    <subfield code="c">DLC</subfield>
  </datafield>
  <datafield tag="042" ind1=" " ind2=" ">
    <subfield code="a">pcc</subfield>
  </datafield>
  <datafield tag="050" ind1="0" ind2="0">
    <subfield code="a">QD401</subfield>
    <subfield code="b">.I58 2020</subfield>
  </datafield>
  <datafield tag="082" ind1="0" ind2="0">
    <subfield code="a">615.9/5142</subfield>
    <subfield code="2">23</subfield>
  </datafield>
  <datafield tag="245" ind1="0" ind2="3">
    <subfield code="a">An introduction to melamine /</subfield>
    <subfield code="c">Ashley Harris, editor.</subfield>
  </datafield>
  <datafield tag="263" ind1=" " ind2=" ">
    <subfield code="a">2004</subfield>
  </datafield>
  <datafield tag="264" ind1=" " ind2="1">
    <subfield code="a">New York :</subfield>
    <subfield code="b">Nova Science Publishers,</subfield>
    <subfield code="c">2020.</subfield>
  </datafield>
  <datafield tag="264" ind1=" " ind2="4">
    <subfield code="c">©2019</subfield>
  </datafield>
  <datafield tag="300" ind1=" " ind2=" ">
    <subfield code="a">pages cm</subfield>
  </datafield>
  <datafield tag="336" ind1=" " ind2=" ">
    <subfield code="a">text</subfield>
    <subfield code="b">txt</subfield>
    <subfield code="2">rdacontent</subfield>
  </datafield>
  <datafield tag="337" ind1=" " ind2=" ">
    <subfield code="a">unmediated</subfield>
    <subfield code="b">n</subfield>
    <subfield code="2">rdamedia</subfield>
  </datafield>
  <datafield tag="338" ind1=" " ind2=" ">
    <subfield code="a">volume</subfield>
    <subfield code="b">nc</subfield>
    <subfield code="2">rdacarrier</subfield>
  </datafield>
  <datafield tag="490" ind1="0" ind2=" ">
    <subfield code="a">Chemistry research and applications</subfield>
  </datafield>
  <datafield tag="504" ind1=" " ind2=" ">
    <subfield code="a">Includes bibliographical references and index.</subfield>
  </datafield>
  <datafield tag="520" ind1=" " ind2=" ">
    <subfield code="a">&quot;In this compilation, technical and critical aspects concerning confirmatory methods for the analysis of melamine and its analogous, including cyanuric acid, ammeline, and ammelide in foodstuffs are discussed. Moreover, an overview of the concentrations of melamine and related compounds reported in the recent literature for different food items are summarized, as the results from monitoring these compounds in food products indicate their continuing presence in the food chain. Although high level of adulteration has ceased, melamine is still a popular material for pesticides, farm animal feed fillers, fire retardants, anti-wrinkles and mild abrasives. As such, the authors discuss how low-dose contamination of melamine to the environment cannot be ignored. Next, melamine-formaldehyde resin was chosen to form shell material due to its good thermo-mechanical and water-resistant properties. A series of experiments are conducted on changing the emulsifying system and a discussion of the results is provided. Additionally, a sensitive chemical sensor is developed to detect melamine selectively by an electrochemical approach, where ternary mixed metal oxide nanoparticles were prepared through the wet-chemical process. The calcined ZnO/CuO/Co3O4 NPs are investigated by field emission scanning electron microscopy, energy-dispersive X-ray spectroscopy, X-ray photoelectron spectroscopy, powder X-ray diffraction, ultraviolet visible spectroscopy, and Fourier-transform infrared spectroscopy. The authors evaluate the formation of melamine-derived particles in aqueous and biological matrices using different analytical techniques for studying the bioaccumulation of melamine-cyanurate in tissues, including kidney stones. Lastly, cadmium doped antimony oxide nanostructures are synthesized by a facile wet-chemical method at a low temperature to detect melamine from aqueous solutions. The calcined cadmium doped antimony oxide nanostructures are characterized systematically by FE-SEM, EDS, UV/Vis., FTIR spectroscopy, powder XRD and XPS techniques&quot;--</subfield>
    <subfield code="c">Provided by publisher.</subfield>
  </datafield>
  <datafield tag="650" ind1=" " ind2="0">
    <subfield code="a">Melamine.</subfield>
  </datafield>
  <datafield tag="650" ind1=" " ind2="0">
    <subfield code="a">Triazines</subfield>
    <subfield code="x">Toxicology.</subfield>
  </datafield>
  <datafield tag="650" ind1=" " ind2="0">
    <subfield code="a">Food</subfield>
    <subfield code="x">Toxicology.</subfield>
  </datafield>
  <datafield tag="700" ind1="1" ind2=" ">
    <subfield code="a">Harris, Ashley</subfield>
    <subfield code="c">(Nova editor),</subfield>
    <subfield code="e">editor.</subfield>
  </datafield>
  <datafield tag="776" ind1="0" ind2="8">
    <subfield code="i">Online version:</subfield>
    <subfield code="t">An introduction to melamine</subfield>
    <subfield code="d">Hauppauge : Nova Science Publishers, 2020.</subfield>
    <subfield code="z">9781536171686</subfield>
    <subfield code="w">(DLC) 2019059677</subfield>
  </datafield>
</record>