
<record>
  <leader>01632cjm a2200373 a 4500</leader>
  <controlfield tag="001">21349463</controlfield>
  <controlfield tag="005">20200102113851.0</controlfield>
  <controlfield tag="007">sd fsngnnmmned</controlfield>
  <controlfield tag="008">200102s1995    nyujzn|           | eng d</controlfield>
  <datafield tag="906" ind1=" " ind2=" ">
    <subfield code="a">0</subfield>
    <subfield code="b">ibc</subfield>
    <subfield code="c">copycat</subfield>
    <subfield code="d">2</subfield>
    <subfield code="e">ncip</subfield>
    <subfield code="f">20</subfield>
    <subfield code="g">y-soundrec</subfield>
  </datafield>
  <datafield tag="925" ind1="0" ind2=" ">
    <subfield code="a">acquire</subfield>
    <subfield code="b">2 shelf copies</subfield>
    <subfield code="x">policy default</subfield>
  </datafield>
  <datafield tag="955" ind1=" " ind2=" ">
    <subfield code="a">qr36 2020-01-02 z-client</subfield>
    <subfield code="i">qr36 2020-01-02</subfield>
  </datafield>
  <datafield tag="010" ind1=" " ind2=" ">
    <subfield code="a">  2020615201</subfield>
  </datafield>
  <datafield tag="024" ind1="1" ind2=" ">
    <subfield code="a">731452875525</subfield>
  </datafield>
  <datafield tag="028" ind1="0" ind2="0">
    <subfield code="a">314 528 755-2</subfield>
    <subfield code="b">Mercury</subfield>
  </datafield>
  <datafield tag="035" ind1=" " ind2=" ">
    <subfield code="a">(OCoLC)ocm33841041</subfield>
  </datafield>
  <datafield tag="040" ind1=" " ind2=" ">
    <subfield code="a">OCO</subfield>
    <subfield code="b">eng</subfield>
    <subfield code="c">OCO</subfield>
    <subfield code="d">BTCTA</subfield>
    <subfield code="d">RLS</subfield>
    <subfield code="d">OCLCF</subfield>
    <subfield code="d">OCLCO</subfield>
    <subfield code="d">OCL</subfield>
    <subfield code="d">OCLCQ</subfield>
    <subfield code="d">NTG</subfield>
    <subfield code="d">OCLCQ</subfield>
    <subfield code="d">DLC</subfield>
  </datafield>
  <datafield tag="042" ind1=" " ind2=" ">
    <subfield code="a">lccopycat</subfield>
  </datafield>
  <datafield tag="050" ind1="0" ind2="0">
    <subfield code="a">SDD 32444</subfield>
  </datafield>
  <datafield tag="082" ind1="0" ind2="4">
    <subfield code="a">781.63</subfield>
  </datafield>
  <datafield tag="100" ind1="1" ind2=" ">
    <subfield code="a">Downing, Will.</subfield>
    <subfield code="4">prf</subfield>
  </datafield>
  <datafield tag="245" ind1="1" ind2="0">
    <subfield code="a">Moods /</subfield>
    <subfield code="c">Will Downing.</subfield>
  </datafield>
  <datafield tag="260" ind1=" " ind2=" ">
    <subfield code="a">[New York] :</subfield>
    <subfield code="b">Mercury,</subfield>
    <subfield code="c">℗1995.</subfield>
  </datafield>
  <datafield tag="300" ind1=" " ind2=" ">
    <subfield code="a">1 audio disc :</subfield>
    <subfield code="b">digital ;</subfield>
    <subfield code="c">4 3/4 in.</subfield>
  </datafield>
  <datafield tag="336" ind1=" " ind2=" ">
    <subfield code="a">performed music</subfield>
    <subfield code="b">prm</subfield>
    <subfield code="2">rdacontent</subfield>
  </datafield>
  <datafield tag="337" ind1=" " ind2=" ">
    <subfield code="a">audio</subfield>
    <subfield code="b">s</subfield>
    <subfield code="2">rdamedia</subfield>
  </datafield>
  <datafield tag="338" ind1=" " ind2=" ">
    <subfield code="a">audio disc</subfield>
    <subfield code="b">sd</subfield>
    <subfield code="2">rdacarrier</subfield>
  </datafield>
  <datafield tag="511" ind1="0" ind2=" ">
    <subfield code="a">Will Downing ; with accompanying musicians.</subfield>
  </datafield>
  <datafield tag="500" ind1=" " ind2=" ">
    <subfield code="a">Compact disc.</subfield>
  </datafield>
  <datafield tag="505" ind1="0" ind2="0">
    <subfield code="t">Moods</subfield>
    <subfield code="g">(1:36) --</subfield>
    <subfield code="t">That good morning love</subfield>
    <subfield code="g">(4:04) --</subfield>
    <subfield code="t">Don&apos;t wait for love</subfield>
    <subfield code="r">(featuring Jonathan Butler)</subfield>
    <subfield code="g">(4:52) --</subfield>
    <subfield code="t">Sorry, I</subfield>
    <subfield code="g">(5:13) --</subfield>
    <subfield code="t">I can&apos;t make you love me</subfield>
    <subfield code="g">(5:40) --</subfield>
    <subfield code="t">Just to be with you</subfield>
    <subfield code="g">(4:27) --</subfield>
    <subfield code="t">Stella by starlight</subfield>
    <subfield code="g">(5:35) --</subfield>
    <subfield code="t">Inseparable</subfield>
    <subfield code="g">(4:54) --</subfield>
    <subfield code="t">Just a game</subfield>
    <subfield code="g">(5:11) --</subfield>
    <subfield code="t">Fall in love again</subfield>
    <subfield code="g">(4:30) --</subfield>
    <subfield code="t">Hold on</subfield>
    <subfield code="g">(4:40) --</subfield>
    <subfield code="t">Where is love (from the musical &quot;Oliver&quot;)</subfield>
    <subfield code="g">(4:04) --</subfield>
    <subfield code="t">Moods</subfield>
    <subfield code="r">(interlude featuring Gerald Albright)</subfield>
    <subfield code="g">(1:35).</subfield>
  </datafield>
  <datafield tag="650" ind1=" " ind2="0">
    <subfield code="a">Jazz vocals.</subfield>
  </datafield>
  <datafield tag="650" ind1=" " ind2="0">
    <subfield code="a">Popular music</subfield>
    <subfield code="y">1991-2000.</subfield>
  </datafield>
  <datafield tag="650" ind1=" " ind2="7">
    <subfield code="a">Popular music.</subfield>
    <subfield code="2">fast</subfield>
    <subfield code="0">(OCoLC)fst01071422</subfield>
  </datafield>
  <datafield tag="648" ind1=" " ind2="7">
    <subfield code="a">1991-2000</subfield>
    <subfield code="2">fast</subfield>
  </datafield>
</record>