
<record>
  <leader>01215cgm a22002773a 4500</leader>
  <controlfield tag="001">21349473</controlfield>
  <controlfield tag="005">20200102113716.0</controlfield>
  <controlfield tag="007">vffcjaho|</controlfield>
  <controlfield tag="008">200102s2017    xxu038            mleng  </controlfield>
  <datafield tag="906" ind1=" " ind2=" ">
    <subfield code="a">0</subfield>
    <subfield code="b">cbc</subfield>
    <subfield code="c">orignew</subfield>
    <subfield code="d">u</subfield>
    <subfield code="e">ncip</subfield>
    <subfield code="f">20</subfield>
    <subfield code="g">y-movingim</subfield>
  </datafield>
  <datafield tag="955" ind1=" " ind2=" ">
    <subfield code="b">qm19 2020-01-02</subfield>
  </datafield>
  <datafield tag="010" ind1=" " ind2=" ">
    <subfield code="a">  2020601054</subfield>
  </datafield>
  <datafield tag="017" ind1=" " ind2=" ">
    <subfield code="a">PA0002045360</subfield>
    <subfield code="b">U.S. Copyright Office</subfield>
  </datafield>
  <datafield tag="040" ind1=" " ind2=" ">
    <subfield code="a">DLC</subfield>
    <subfield code="c">DLC</subfield>
    <subfield code="e">amim</subfield>
  </datafield>
  <datafield tag="050" ind1="0" ind2="0">
    <subfield code="a">VBY 7820 (viewing copy)</subfield>
  </datafield>
  <datafield tag="245" ind1="0" ind2="0">
    <subfield code="a">Dear white people.</subfield>
    <subfield code="n">Chapter I /</subfield>
    <subfield code="c">creator, Justin Simien ; director, Justin Simien ; writer, Justin Simien.</subfield>
  </datafield>
  <datafield tag="257" ind1=" " ind2=" ">
    <subfield code="a">United States.</subfield>
  </datafield>
  <datafield tag="260" ind1=" " ind2=" ">
    <subfield code="c">2017.</subfield>
  </datafield>
  <datafield tag="300" ind1=" " ind2=" ">
    <subfield code="3">viewing copy</subfield>
    <subfield code="a">1 videocassette of 1 (Betacam SP) (38 min., 44 sec.) :</subfield>
    <subfield code="b">sd., col. ;</subfield>
    <subfield code="c">1/2 in.</subfield>
  </datafield>
  <datafield tag="500" ind1=" " ind2=" ">
    <subfield code="a">Originally released through Netflix streaming service on April 28, 2017.</subfield>
  </datafield>
  <datafield tag="500" ind1=" " ind2=" ">
    <subfield code="a">Episode no. 101.</subfield>
  </datafield>
  <datafield tag="511" ind1="1" ind2=" ">
    <subfield code="a">Logan Browning, Brandon Bell, DeRon Horton.</subfield>
  </datafield>
  <datafield tag="500" ind1=" " ind2=" ">
    <subfield code="a">Sources used: video container; Copyright catalog online; Copyright description; Internet movie database WWW site, viewed January 2, 2020; Wikipedia WWW site, viewed January 2, 2020.</subfield>
  </datafield>
  <datafield tag="655" ind1=" " ind2="7">
    <subfield code="a">Television comedies.</subfield>
    <subfield code="2">lcgft</subfield>
  </datafield>
  <datafield tag="655" ind1=" " ind2="7">
    <subfield code="a">Fiction television programs.</subfield>
    <subfield code="2">lcgft</subfield>
  </datafield>
  <datafield tag="710" ind1="2" ind2=" ">
    <subfield code="a">Copyright Collection (Library of Congress)</subfield>
    <subfield code="5">DLC</subfield>
  </datafield>
</record>