
<record>
  <leader>01885cam a22002535i 4500</leader>
  <controlfield tag="001">21349484</controlfield>
  <controlfield tag="005">20200102114244.0</controlfield>
  <controlfield tag="008">200102s2020    riu           000 0 eng  </controlfield>
  <datafield tag="906" ind1=" " ind2=" ">
    <subfield code="a">0</subfield>
    <subfield code="b">ibc</subfield>
    <subfield code="c">orignew</subfield>
    <subfield code="d">2</subfield>
    <subfield code="e">epcn</subfield>
    <subfield code="f">20</subfield>
    <subfield code="g">y-gencatlg</subfield>
  </datafield>
  <datafield tag="925" ind1="0" ind2=" ">
    <subfield code="a">acquire</subfield>
    <subfield code="b">1 shelf copy</subfield>
    <subfield code="x">policy default</subfield>
  </datafield>
  <datafield tag="955" ind1=" " ind2=" ">
    <subfield code="b">xd05 2020-01-02</subfield>
  </datafield>
  <datafield tag="010" ind1=" " ind2=" ">
    <subfield code="a">  2020930028</subfield>
  </datafield>
  <datafield tag="020" ind1=" " ind2=" ">
    <subfield code="a">9781950970599</subfield>
    <subfield code="q">(paperback)</subfield>
  </datafield>
  <datafield tag="040" ind1=" " ind2=" ">
    <subfield code="a">DLC</subfield>
    <subfield code="b">eng</subfield>
    <subfield code="e">rda</subfield>
    <subfield code="c">DLC</subfield>
  </datafield>
  <datafield tag="042" ind1=" " ind2=" ">
    <subfield code="a">pcc</subfield>
  </datafield>
  <datafield tag="110" ind1="2" ind2=" ">
    <subfield code="a">Habiger Institute for Catholic Leadership (St. Paul, Minnesota),</subfield>
    <subfield code="e">author.</subfield>
  </datafield>
  <datafield tag="245" ind1="1" ind2="4">
    <subfield code="a">The Heart of Culture :</subfield>
    <subfield code="b">a brief history of Western education /</subfield>
    <subfield code="c">Habiger Institute for Catholic Leadershi.</subfield>
  </datafield>
  <datafield tag="263" ind1=" " ind2=" ">
    <subfield code="a">2002</subfield>
  </datafield>
  <datafield tag="264" ind1=" " ind2="1">
    <subfield code="a">Providence :</subfield>
    <subfield code="b">Cluny Media,</subfield>
    <subfield code="c">2020.</subfield>
  </datafield>
  <datafield tag="300" ind1=" " ind2=" ">
    <subfield code="a">pages cm</subfield>
  </datafield>
  <datafield tag="336" ind1=" " ind2=" ">
    <subfield code="a">text</subfield>
    <subfield code="b">txt</subfield>
    <subfield code="2">rdacontent</subfield>
  </datafield>
  <datafield tag="337" ind1=" " ind2=" ">
    <subfield code="a">unmediated</subfield>
    <subfield code="b">n</subfield>
    <subfield code="2">rdamedia</subfield>
  </datafield>
  <datafield tag="338" ind1=" " ind2=" ">
    <subfield code="a">volume</subfield>
    <subfield code="b">nc</subfield>
    <subfield code="2">rdacarrier</subfield>
  </datafield>
  <datafield tag="520" ind1=" " ind2=" ">
    <subfield code="a">&quot;The Heart of Culture is a succinctly substantive history of Western education and a profound witness to the necessity of maintaining a tradition. Western civilization is the product, not of geographic, ethnic, or political forces, but of a dynamic educational tradition. When that tradition breaks down, the culture suffers a crisis of identity. Today, the West is undergoing just such a crisis and the perennial wisdom of its tradition is being ignored, misrepresented, and rejected. This short book confronts that crisis, bringing to light the living, intricate educational tradition that built the West, from the Greek ideal of paideia to Newman&apos;s idea of a university. First developed as a course book for the Catholic Studies program at the University of St. Thomas (Minnesota), The Heart of Culture: A Brief History of Western Education provides a unifying perspective and a clear historical understanding of the lifeblood of Western culture, and certain to aid teacher and student in the pursuit of excellence&quot;--</subfield>
    <subfield code="c">Provided by publisher.</subfield>
  </datafield>
</record>