
<record>
  <leader>04568nam a22004338i 4500</leader>
  <controlfield tag="001">21349499</controlfield>
  <controlfield tag="005">20200102115024.0</controlfield>
  <controlfield tag="008">200102s2020    pau      b    001 0 eng  </controlfield>
  <datafield tag="906" ind1=" " ind2=" ">
    <subfield code="a">0</subfield>
    <subfield code="b">ibc</subfield>
    <subfield code="c">orignew</subfield>
    <subfield code="d">1</subfield>
    <subfield code="e">ecip</subfield>
    <subfield code="f">20</subfield>
    <subfield code="g">y-gencatlg</subfield>
  </datafield>
  <datafield tag="925" ind1="0" ind2=" ">
    <subfield code="a">acquire</subfield>
    <subfield code="b">1 shelf copy</subfield>
    <subfield code="x">policy default</subfield>
  </datafield>
  <datafield tag="955" ind1=" " ind2=" ">
    <subfield code="b">IEN 2019-12-20</subfield>
  </datafield>
  <datafield tag="010" ind1=" " ind2=" ">
    <subfield code="a">  2019059116</subfield>
  </datafield>
  <datafield tag="020" ind1=" " ind2=" ">
    <subfield code="a">9781684481866</subfield>
    <subfield code="q">(paperback)</subfield>
  </datafield>
  <datafield tag="020" ind1=" " ind2=" ">
    <subfield code="a">9781684481873</subfield>
    <subfield code="q">(hardback)</subfield>
  </datafield>
  <datafield tag="020" ind1=" " ind2=" ">
    <subfield code="z">9781684481880</subfield>
    <subfield code="q">(epub)</subfield>
  </datafield>
  <datafield tag="020" ind1=" " ind2=" ">
    <subfield code="z">9781684481897</subfield>
    <subfield code="q">(mobi)</subfield>
  </datafield>
  <datafield tag="020" ind1=" " ind2=" ">
    <subfield code="z">9781684481903</subfield>
    <subfield code="q">(pdf)</subfield>
  </datafield>
  <datafield tag="040" ind1=" " ind2=" ">
    <subfield code="a">IEN/DLC</subfield>
    <subfield code="b">eng</subfield>
    <subfield code="e">rda</subfield>
    <subfield code="c">DLC</subfield>
  </datafield>
  <datafield tag="042" ind1=" " ind2=" ">
    <subfield code="a">pcc</subfield>
  </datafield>
  <datafield tag="050" ind1="0" ind2="0">
    <subfield code="a">PN849.L29</subfield>
  </datafield>
  <datafield tag="082" ind1="0" ind2="4">
    <subfield code="a">860.098</subfield>
    <subfield code="2">23</subfield>
  </datafield>
  <datafield tag="100" ind1="1" ind2=" ">
    <subfield code="a">Maddox, John Thomas,</subfield>
    <subfield code="c">IV,</subfield>
    <subfield code="d">1981-</subfield>
    <subfield code="e">author.</subfield>
  </datafield>
  <datafield tag="245" ind1="1" ind2="0">
    <subfield code="a">Challenging the Black Atlantic :</subfield>
    <subfield code="b">the New World novels of Zapata Olivella and Gonçalves /</subfield>
    <subfield code="c">John T. Maddox IV.</subfield>
  </datafield>
  <datafield tag="263" ind1=" " ind2=" ">
    <subfield code="a">2010</subfield>
  </datafield>
  <datafield tag="264" ind1=" " ind2="1">
    <subfield code="a">Lewisberg :</subfield>
    <subfield code="b">Bucknell University Press,</subfield>
    <subfield code="c">2020.</subfield>
  </datafield>
  <datafield tag="300" ind1=" " ind2=" ">
    <subfield code="a">pages cm</subfield>
  </datafield>
  <datafield tag="336" ind1=" " ind2=" ">
    <subfield code="a">text</subfield>
    <subfield code="b">txt</subfield>
    <subfield code="2">rdacontent</subfield>
  </datafield>
  <datafield tag="337" ind1=" " ind2=" ">
    <subfield code="a">unmediated</subfield>
    <subfield code="b">n</subfield>
    <subfield code="2">rdamedia</subfield>
  </datafield>
  <datafield tag="338" ind1=" " ind2=" ">
    <subfield code="a">volume</subfield>
    <subfield code="b">nc</subfield>
    <subfield code="2">rdacarrier</subfield>
  </datafield>
  <datafield tag="504" ind1=" " ind2=" ">
    <subfield code="a">Includes bibliographical references and index.</subfield>
  </datafield>
  <datafield tag="505" ind1="0" ind2=" ">
    <subfield code="a">Introduction: This Book, Manuel Zapata Olivella, and Ana Maria Gonçalves -- Manuel Zapata Olivella (1920-2004) -- Zapataolivellismo -- The U.S. Context -- The Latin American Context -- Ana Maria Gonçalves (b.1970) -- The Bourgeoning Criticism on Ana Maria Gonçalves -- Changó and Defeito: Summaries -- Changó el gran putas (1983) -- Um defeito de cor (2006) -- Myth, Literature, and History in Zapata -- Muntu, Nuevo Muntu, and Changó&apos;s Curse -- Influences... -- Placide Tempels and the Muntu -- The Curse -- The Origin Myth of Benkos Bioho -- Afro-Brazil in Defeito and Changó -- Luís Gama: History, Myth, and Literature -- Luísa Mahin: From Poetry to History -- Quilombos in Changó -- Aleijadinho and Zumbi -- Quilombos and Terreiros of Defeito -- Gender and Myth in Dahomey -- Conclusion.. -- Double Consciousness and Nation in Gilroy and Zapata -- The Black Atlantic and the Nuevo Muntu -- The Black Atlantic: Summary -- After The Black Atlantic -- Representative Critics of Gilroy in the Anglophone Tradition -- Du Bois in Changó -- Zapata&apos;s Du Bois -- Double Consciousness -- Music, Orality, and the Sea -- The African Diaspora is part of a New World History beyond the Nation -- Zapata, Precursor of Today&apos;s Latin Americanist Critics of Gilroy -- Women, Gender, and the Nuevo Muntu -- The Black Atlantic from an Afro-Brasileira&apos;s Point of View -- Domingos Álvares and the Black Atlantic Kingdom of Dahomey -- Gonçalves and Antônio Olinto&apos;s Black Atlantic -- Luís Gama&apos;s Brazil in the Black Atlantic -- Rape in the Novels of Zapata and Gonçalves -- Sons of God and the She-Devil -- Mother Africa -- Gonçalves&apos;s Raw Realism of Rape -- Changó / Santa Bárbara and Queer Characters -- Agne Brown and the Apocalypse -- Conclusion: The Nuevo Muntu Today and Tomorrow -- El Putas, U.S.A. -- Nuevo Muntu History and Gonçalves&apos;s Journalism -- Afrofuturism -- Brazil -- Latinx-futurism. -- Ana Maria Gonçalves.</subfield>
  </datafield>
  <datafield tag="520" ind1=" " ind2=" ">
    <subfield code="a">&quot;The historical novels of Manuel Zapata Olivella and Ana Maria Gonçalves map black journeys from Africa to the Americas in a way that challenges the Black Atlantic paradigm that has become synonymous with cosmopolitan African diaspora studies. Unlike Paul Gilroy, who coined the term and based it on W.E.B. DuBois&apos;s double consciousness, Zapata, in Changó el gran putas (1983), creates an empowering mythology that reframes black resistance in Colombia, Haiti, Mexico, Brazil, and the United States. In Um defeito de cor (2006), Gonçalves imagines the survival strategies of a legendary woman said to be the mother of black abolitionist poet Luís Gama and a conspirator in an African Muslim-led revolt in Brazil&apos;s &quot;Black Rome.&quot; These novels show differing visions of revolution, black community, femininity, sexuality, and captivity. They skillfully reveal how events preceding the UNESCO Decade of Afro-Descent (2015-2024) alter our understanding of Afro-Latin America as it gains increased visibility&quot;--</subfield>
    <subfield code="c">Provided by publisher.</subfield>
  </datafield>
  <datafield tag="600" ind1="1" ind2="0">
    <subfield code="a">Gonçalves, Ana Maria</subfield>
    <subfield code="x">Criticism and interpretation.</subfield>
  </datafield>
  <datafield tag="600" ind1="1" ind2="0">
    <subfield code="a">Zapata Olivella, Manuel</subfield>
    <subfield code="x">Criticism and interpretation.</subfield>
  </datafield>
  <datafield tag="650" ind1=" " ind2="0">
    <subfield code="a">African diaspora in literature.</subfield>
  </datafield>
  <datafield tag="650" ind1=" " ind2="0">
    <subfield code="a">Latin American literature</subfield>
    <subfield code="x">Black authors</subfield>
    <subfield code="x">History and criticism.</subfield>
  </datafield>
  <datafield tag="650" ind1=" " ind2="0">
    <subfield code="a">Latin American literature</subfield>
    <subfield code="y">20th century</subfield>
    <subfield code="x">History and criticism.</subfield>
  </datafield>
  <datafield tag="650" ind1=" " ind2="0">
    <subfield code="a">Latin American literature</subfield>
    <subfield code="y">21st century</subfield>
    <subfield code="x">History and criticism.</subfield>
  </datafield>
  <datafield tag="985" ind1=" " ind2=" ">
    <subfield code="a">IENCIP</subfield>
    <subfield code="d">2019-12-20</subfield>
  </datafield>
</record>