
<record>
  <leader>03349cas a2200577Ii 4500</leader>
  <controlfield tag="001">21349502</controlfield>
  <controlfield tag="005">20200102115559.0</controlfield>
  <controlfield tag="008">180726d19331945cc dr ner     0    0chi d</controlfield>
  <datafield tag="010" ind1=" " ind2=" ">
    <subfield code="a">  2019464040</subfield>
  </datafield>
  <datafield tag="035" ind1=" " ind2=" ">
    <subfield code="a">(OCoLC)on1077761790</subfield>
  </datafield>
  <datafield tag="040" ind1=" " ind2=" ">
    <subfield code="a">BCBTC</subfield>
    <subfield code="b">eng</subfield>
    <subfield code="e">rda</subfield>
    <subfield code="c">BCBTC</subfield>
    <subfield code="d">CNPIT</subfield>
    <subfield code="d">EYM</subfield>
  </datafield>
  <datafield tag="066" ind1=" " ind2=" ">
    <subfield code="c">$1</subfield>
  </datafield>
  <datafield tag="035" ind1=" " ind2=" ">
    <subfield code="a">(OCoLC)1077761790</subfield>
  </datafield>
  <datafield tag="043" ind1=" " ind2=" ">
    <subfield code="a">a-cc-nn</subfield>
  </datafield>
  <datafield tag="050" ind1=" " ind2="4">
    <subfield code="a">AP95.C4</subfield>
    <subfield code="b">N56</subfield>
  </datafield>
  <datafield tag="245" ind1="0" ind2="0">
    <subfield code="6">880-01</subfield>
    <subfield code="a">Ningxia Minguo ri bao /</subfield>
    <subfield code="c">Nanjing tu shu guan, Ningxia Huizu Zizhiqu tu shu guan bian.</subfield>
  </datafield>
  <datafield tag="250" ind1=" " ind2=" ">
    <subfield code="6">880-02</subfield>
    <subfield code="a">Di 1 ban.</subfield>
  </datafield>
  <datafield tag="264" ind1=" " ind2="1">
    <subfield code="6">880-03</subfield>
    <subfield code="a">Beijing :</subfield>
    <subfield code="b">Guo jia tu shu guan chu ban she,</subfield>
    <subfield code="c">2018.</subfield>
  </datafield>
  <datafield tag="300" ind1=" " ind2=" ">
    <subfield code="a">5 volumes ;</subfield>
    <subfield code="c">38 cm</subfield>
  </datafield>
  <datafield tag="336" ind1=" " ind2=" ">
    <subfield code="a">text</subfield>
    <subfield code="b">txt</subfield>
    <subfield code="2">rdacontent</subfield>
  </datafield>
  <datafield tag="337" ind1=" " ind2=" ">
    <subfield code="a">unmediated</subfield>
    <subfield code="b">n</subfield>
    <subfield code="2">rdamedia</subfield>
  </datafield>
  <datafield tag="338" ind1=" " ind2=" ">
    <subfield code="a">volume</subfield>
    <subfield code="b">nc</subfield>
    <subfield code="2">rdacarrier</subfield>
  </datafield>
  <datafield tag="500" ind1=" " ind2=" ">
    <subfield code="a">Reprint.</subfield>
  </datafield>
  <datafield tag="505" ind1="0" ind2=" ">
    <subfield code="6">880-04</subfield>
    <subfield code="a">v. 1. 1933 nian 4 yue 4 ri - 191940 nian 4 yue 29 ri -- v. 2. 1940 nian 5 yue 1 ri - 1941 nian 2 yue 28 ri -- v. 3. 1941 nian 3 yue 1 ri - 1941 nian 12 yue 31 ri -- v. 4. 1942 nian 1 yue 1 ri - 1943 nian 4 yue 29 ri -- v. 5. 1943 nian 11 yue 1 ri - 1945 nian 10 yue 25 ri .</subfield>
  </datafield>
  <datafield tag="588" ind1=" " ind2=" ">
    <subfield code="a">Description based on: Di 1 ce (preface)</subfield>
  </datafield>
  <datafield tag="588" ind1=" " ind2=" ">
    <subfield code="a">Latest issue consulted: Di 5 ce (1945 nian 12 yue 25 hao)</subfield>
  </datafield>
  <datafield tag="651" ind1=" " ind2="0">
    <subfield code="6">880-05</subfield>
    <subfield code="a">Ningxia Huizu Zizhiqu (China)</subfield>
    <subfield code="v">Newspapers.</subfield>
  </datafield>
  <datafield tag="651" ind1=" " ind2="0">
    <subfield code="a">China</subfield>
    <subfield code="x">Politics and government</subfield>
    <subfield code="y">20th century</subfield>
    <subfield code="v">Newspapers.</subfield>
  </datafield>
  <datafield tag="651" ind1=" " ind2="0">
    <subfield code="a">China</subfield>
    <subfield code="x">Social conditions</subfield>
    <subfield code="y">20th century</subfield>
    <subfield code="v">Newspapers.</subfield>
  </datafield>
  <datafield tag="651" ind1=" " ind2="0">
    <subfield code="a">China</subfield>
    <subfield code="x">Economic conditions</subfield>
    <subfield code="y">20th century</subfield>
    <subfield code="v">Newspapers.</subfield>
  </datafield>
  <datafield tag="651" ind1=" " ind2="0">
    <subfield code="a">China</subfield>
    <subfield code="x">Intellectual life</subfield>
    <subfield code="y">20th century</subfield>
    <subfield code="v">Newspapers.</subfield>
  </datafield>
  <datafield tag="651" ind1=" " ind2="0">
    <subfield code="a">China</subfield>
    <subfield code="x">Social life and customs</subfield>
    <subfield code="y">20th century</subfield>
    <subfield code="v">Newspapers.</subfield>
  </datafield>
  <datafield tag="650" ind1=" " ind2="7">
    <subfield code="a">Economic history.</subfield>
    <subfield code="2">fast</subfield>
    <subfield code="0">(OCoLC)fst00901974</subfield>
  </datafield>
  <datafield tag="650" ind1=" " ind2="7">
    <subfield code="a">Intellectual life.</subfield>
    <subfield code="2">fast</subfield>
    <subfield code="0">(OCoLC)fst00975769</subfield>
  </datafield>
  <datafield tag="650" ind1=" " ind2="7">
    <subfield code="a">Manners and customs.</subfield>
    <subfield code="2">fast</subfield>
    <subfield code="0">(OCoLC)fst01007815</subfield>
  </datafield>
  <datafield tag="650" ind1=" " ind2="7">
    <subfield code="a">Politics and government.</subfield>
    <subfield code="2">fast</subfield>
    <subfield code="0">(OCoLC)fst01919741</subfield>
  </datafield>
  <datafield tag="650" ind1=" " ind2="7">
    <subfield code="a">Social conditions.</subfield>
    <subfield code="2">fast</subfield>
    <subfield code="0">(OCoLC)fst01919811</subfield>
  </datafield>
  <datafield tag="651" ind1=" " ind2="7">
    <subfield code="a">China.</subfield>
    <subfield code="2">fast</subfield>
    <subfield code="0">(OCoLC)fst01206073</subfield>
  </datafield>
  <datafield tag="651" ind1=" " ind2="7">
    <subfield code="a">China</subfield>
    <subfield code="z">Ningxia Huizu Zizhiqu.</subfield>
    <subfield code="2">fast</subfield>
    <subfield code="0">(OCoLC)fst01216338</subfield>
  </datafield>
  <datafield tag="648" ind1=" " ind2="7">
    <subfield code="a">1900-1999</subfield>
    <subfield code="2">fast</subfield>
  </datafield>
  <datafield tag="655" ind1=" " ind2="7">
    <subfield code="a">Newspapers.</subfield>
    <subfield code="2">fast</subfield>
    <subfield code="0">(OCoLC)fst01423814</subfield>
  </datafield>
  <datafield tag="710" ind1="2" ind2=" ">
    <subfield code="6">880-06</subfield>
    <subfield code="a">Nanjing tu shu guan,</subfield>
    <subfield code="e">editor.</subfield>
    <subfield code="4">edt</subfield>
  </datafield>
  <datafield tag="710" ind1="2" ind2=" ">
    <subfield code="6">880-07</subfield>
    <subfield code="a">Ningxia Huizu Zizhiqu tu shu guan,</subfield>
    <subfield code="e">editor.</subfield>
    <subfield code="4">edt</subfield>
  </datafield>
  <datafield tag="880" ind1="0" ind2="0">
    <subfield code="6">245-01/$1</subfield>
    <subfield code="a">寧夏民國日報 /</subfield>
    <subfield code="c">南京圖書館, 寧夏回族自治區圖書館編.</subfield>
  </datafield>
  <datafield tag="880" ind1=" " ind2=" ">
    <subfield code="6">250-02/$1</subfield>
    <subfield code="a">第1版.</subfield>
  </datafield>
  <datafield tag="880" ind1=" " ind2="1">
    <subfield code="6">264-03/$1</subfield>
    <subfield code="a">北京 :</subfield>
    <subfield code="b">國家圖書館出版社,</subfield>
    <subfield code="c">2018.</subfield>
  </datafield>
  <datafield tag="880" ind1="0" ind2=" ">
    <subfield code="6">505-04/$1</subfield>
    <subfield code="a">v. 1. 1933 年 4 月 4 ri - 191940 年 4 月 29 ri -- v. 2. 1940 年 5 月 1 ri - 1941 年 2 月 28 ri -- v. 3. 1941 年 3 月 1 ri - 1941 年 12 月 31 ri -- v. 4. 1942 年 1 月 1 ri - 1943 年 4 月 29 ri -- v. 5. 1943 年 11 月 1 ri - 1945 年 10 月 25 ri .</subfield>
  </datafield>
  <datafield tag="880" ind1=" " ind2=" ">
    <subfield code="6">520-00/$1</subfield>
    <subfield code="a">&quot;寧夏民國日報&quot;初期每日出版四開報一張,後改為對開報.除登載國民黨中央通訊社等的電訊稿外,也登載不少寧夏當地的新聞事件等,具有較明顯的地方特點.&quot;寧夏民國日報&quot;在當時發行量不過千份,大都為黨政機關,部隊所訂閱,廣大群眾較少接觸到.本次將其影印出版,以便利學林和一般讀者.</subfield>
  </datafield>
  <datafield tag="880" ind1=" " ind2="4">
    <subfield code="6">651-05/$1</subfield>
    <subfield code="a">寧夏回族自治區 (China)</subfield>
    <subfield code="v">Newspapers.</subfield>
  </datafield>
  <datafield tag="880" ind1="2" ind2=" ">
    <subfield code="6">710-06/$1</subfield>
    <subfield code="a">南京圖書館,</subfield>
    <subfield code="e">editor.</subfield>
    <subfield code="4">edt</subfield>
  </datafield>
  <datafield tag="880" ind1="2" ind2=" ">
    <subfield code="6">710-07/$1</subfield>
    <subfield code="a">寧夏回族自治區圖書館,</subfield>
    <subfield code="e">editor.</subfield>
    <subfield code="4">edt</subfield>
  </datafield>
</record>